3709 5609
387 248 531 297 137⁴

1667 232 1871 288 111‘02:
1918 228 2304 289 ΚΟΛΩΤΗΝ.

2861 230 3015 303 (112³,
3045 247 3218 287 n—r·
3249 248 3391 305 112⁴,
3424 238 3558 299 ΜΒ.)

384 392 509 440 στης
527 365 831 442 θαυμάτων,
855 364 888 436 ἢ
914 362 1140 450 γραφεὺς
1164 363 1348 434 δεινὸς,
1367 362 1622 439 ἐτόλμησε
1647 363 1791 440 μῖξαι
1812 362 1940 442 πρὸς
2022 375 2107 420 aut
2145 370 2423 420 temerarius
2447 374 2603 432 pictor
2625 370 2796 418 amicat
2820 370 2943 420 inter
2976 384 3028 419 se
3063 385 3360 434 componere
3386 373 3563 426 sermm,

383 457 592 525 ἀπάτην
622 452 919 528 εἰκάσματα
949 452 1041 509 καὶ
1075 449 1321 526 παίγνια,
1355 456 1520 508 ταῦτα
1549 451 1803 530 ὑπάρχειν
1835 449 1939 507 ἀπὸ
2023 465 2075 507 ιιι
2107 459 2433 520 spectaculum
2470 470 2632 508 earum
2661 457 2902 505 ludicrum
2938 457 3136 519 reddat,
3162 472 3221 508 ea
3243 459 3339 522 ipsi
3374 460 3488 509 sen'o
3512 461 3559 505 az·-

379 544 607 613 σπουδῆς
628 540 908 615 τιθέμενοι,
938 541 1136 615 μᾶλλον
1159 536 1214 595 δὲ
1238 536 1394 609 ἅλως,
1415 540 1461 595 εἰ
1483 543 1651 595 ταῦτα
1676 538 1751 615 μὴ
1774 538 1941 616 ὖπάρ-
2021 546 2264 596 firmantes
2281 560 2415 606 esse,
2440 545 2536 595 imo
2553 549 2713 594 autem
2735 547 2781 593 si
2803 544 2915 595 hoec
2931 559 3030 594 non
3050 549 3391 606 annectam
3408 561 3502 596 esse
3521 551 3566 593 (ἰ

378 655 486 713 χοι,
506 630 679 687 πίστιν
695 626 928 706 οἴχεσθαι
947 626 1038 683 καὶ
1056 624 1373 703 βεὸαιότητα
1393 624 1483 683 καὶ
1506 624 1672 702 κρίσιν
1698 623 1942 696 ἀληθείας
2006 632 2145 694 fide,
2191 635 2487 683 constantia
2519 635 2569 682 et
2597 632 2804 694 ,iudicio
2852 636 3098 683 veritatis
3136 633 3386 693 dicentes,
3419 648 3567 682 omnies·

328 720 693 799 ῦ-φάσκοντες,
737 715 883 772 αὐτοὶ
925 712 1348 773 καταὸάλλουσιν
1392 716 1460 778 εἷς
1481 713 1739 792 ἀσάφειαν
1764 709 1940 769 πάντα

379 804 687 886 πράγματα·
716 801 807 860 καὶ
836 802 949 867 ταῖς
973 800 1174 881 κρίσεσι
1204 799 1418 881 φόδους,
1438 797 1528 856 καὶ
1555 807 1668 864 ταῖς
1693 796 1939 877 πράξεσιν

378 893 599 972 ὑποψίας
639 890 938 965 ἐπάγουσιν,
970 891 1014 947 εἰ
1041 886 1111 947 τὰ
1144 885 1479 967 πραττόμενα
1508 885 1598 944 καὶ
1626 884 1939 963 νομιζόμενα

377 979 467 1037 καὶ
483 977 676 1048 συνήθη
698 976 788 1034 καὶ
808 973 905 1033 ἀνὰ
928 975 1079 1055 χεῖρα
1102 979 1228 1051 ἡμῖν
1253 976 1339 1032 ἐπὶ
1360 977 1455 1044 τῆς
1474 974 1633 1044 αὐτῆς
1653 969 1940 1052 φαντασίας

377 1068 467 1126 καὶ
494 1065 718 1130 πίστεως
746 1063 946 1142 ὀχεῖται
967 1070 1074 1128 τοῖς
1101 1060 1336 1138 μανικοῖς
1362 1059 1454 1119 καὶ
1480 1057 1691 1126 ἀτόποις
1712 1056 1804 1117 καὶ
1834 1081 1939 1115 πα-

314 1170 351 1207 io
382 1150 624 1234 ρανόμοις
668 1150 877 1216 ἐκείνοις
917 1148 1208 1229 φάσμασιν.
1293 1150 1354 1226 (ι)
1395 1146 1464 1207 Ἡ
1505 1145 1606 1226 γὰρ
1636 1144 1838 1217 ἰσότης,
1873 1146 1938 1217 ἣν

381 1240 703 1299 ὑποτίθενται
725 1246 888 1308 πᾶσι,
913 1239 1016 1293 τῶν
1044 1234 1426 1311 νενομισμένων
1451 1235 1700 1316 ἀφίστησι
1720 1235 1938 1311 μᾶλλον,

377 1327 411 1399 ἣ
436 1325 745 1409 προστίθησι
762 1325 866 1390 τοῖς
879 1321 1196 1405 παραλόγοις
1217 1320 1313 1392 τὴν
1331 1320 1525 1380 πίστιν.
1603 1317 1767 1380 Ὅθεν
1786 1318 1939 1396 ἴσμεν

378 1420 474 1475 οὐκ
504 1414 707 1493 ὀλίγους
745 1414 848 1469 τῶν
876 1408 1169 1491 φιλοσόφων
1200 1408 1347 1480 ἥδιον
1388 1409 1451 1467 ἂν
1479 1405 1718 1486 θεμένους
1746 1406 1805 1465 τὸ
1837 1430 1942 1483 μη-

383 1501 587 1580 δεμίαν,
612 1499 648 1572 ἢ
676 1498 736 1559 τὸ
764 1497 938 1564 πάσας
977 1497 1185 1567 ἀληθεῖς
1212 1486 1345 1554 εἶναι
1372 1494 1466 1563 τὰς
1500 1494 1813 1576 φαντασίας,
1850 1492 1942 1553 καὶ

306 1603 350 1640 ¹5
379 1592 581 1669 μᾶλλον
622 1588 705 1660 ἂν,
750 1578 825 1654 οἷς
864 1588 958 1664 (οὗ)
991 1583 1455 1667 παρατυγχάνουσι
1494 1579 1942 1652 διαπιστήσαντας

378 1678 668 1759 ἀνθρώποις
693 1672 785 1733 καὶ
818 1671 1096 1754 πράγμασι
1123 1670 1216 1729 καὶ
1244 1669 1416 1749 λόγοις
1445 1670 1625 1735 ἁπλῶς
1653 1667 1870 1737 ἅπασιν,
1905 1667 1941 1739 ἢ

380 1764 504 1843 μίαν
533 1762 742 1821 ἐκείνων
771 1762 941 1832 ἀληθῆ
971 1758 1063 1818 καὶ
1089 1759 1432 1839 ὑπάρχουσαν
1476 1746 1609 1815 εἶναι
1648 1754 1940 1837 φαντασίαν

377 1850 710 1928 πεισθέντας,
742 1849 851 1929 [ἃς]
888 1850 1174 1913 λυττῶντες
1207 1847 1241 1917 ἢ
1282 1845 1720 1926 κορυὸαντιῶντες
1755 1844 1791 1915 ἢ
1830 1866 1944 1902 κοι-

380 1939 611 2018 μώμενοι
636 1936 1016 2015 λαμόάνουσιν.
1101 1936 1161 2014 (ο)
1182 1934 1244 1994 Ἃ
1260 1934 1428 1993 τοίνυν
1446 1933 1556 1993 ἔστι
1577 1931 1671 2010 μὲν
1693 1934 1941 2012 ἀναιρεῖν,

300 2042 355 2083 20
377 2028 491 2088 ἔστι
514 2026 559 2085 δ’
576 2027 755 2092 ὣςοῦκ
775 2024 912 2084 ἔστιν
939 2023 1143 2105 ἐπέχειν
1166 2022 1286 2103 περὶ
1313 2024 1505 2093 αὐτῶν,
1526 2024 1571 2079 εἰ
1597 2019 1759 2098 μηδὲν
1783 2020 1940 2092 ἄλλο,

377 2113 474 2187 τήν
501 2136 560 2191 γε
589 2110 872 2194 διαφωνίαν
896 2112 1093 2183 ταύτην
1135 2109 1393 2176 λαὸόντας
1421 2108 1590 2168 αἰτίαν
1621 2111 1940 2187 ἀποχρῶσαν

381 2201 622 2267 ὑπονοίας
661 2200 789 2282 πρὸς
815 2197 883 2257 τὰ
911 2199 1200 2278 πράγματα
1230 2197 1319 2256 καὶ
1344 2198 1460 2255 οὐδὲ
1493 2196 1655 2263 οὕτως
1692 2193 1828 2271 ὑγιὲς
1855 2196 1941 2251 οὐ-

380 2288 482 2362 δὲν,
509 2288 764 2369 ἀσάφειαν
781 2286 837 2345 δὲ
868 2286 960 2345 καὶ
982 2283 1220 2366 ταραχὴν
1241 2284 1431 2364 ἔχοντα
1451 2293 1647 2342 πᾶσαν.
1728 2285 1787 2360 (s)
1809 2284 1942 2350 Ταῖς

383 2377 477 2453 μέν
498 2400 557 2454 γε
582 2376 701 2456 περὶ
723 2374 935 2453 κόσμων
956 2374 1221 2455 ἀπειρίας,
1245 2371 1336 2431 καὶ
1356 2371 1565 2448 ἀτόμων
1590 2368 1790 2452 φύσεως
1805 2415 1819 2441 ,
1847 2368 1941 2427 καὶ

302 2483 355 2522 ²5
383 2468 588 2545 ἀμερῶν
610 2464 702 2522 καὶ
723 2461 1116 2543 παρεγκλίσεων
1144 2460 1442 2541 διαφοραῖς,
1467 2462 1512 2517 εἰ
1536 2459 1624 2516 καὶ
1647 2458 1783 2515 πάνυ
1810 2459 1943 2515 πολ-

378 2553 501 2619 λοὺς
515 2549 966 2633 διαταράττουσιν,
988 2548 1183 2607 ἔνεστιν
1199 2547 1341 2623 ὅμως
1355 2544 1662 2627 παραμυθία
1673 2589 1690 2617 ,
1703 2544 1762 2603 τὸ
1777 2545 1941 2621 μηδὲν

382 2639 532 2719 ἐγγὺς
559 2630 724 2710 εἶναι,
756 2639 957 2714 μᾶλλον
995 2633 1050 2694 δὲ
1085 2633 1215 2699 ὅλως
1252 2633 1491 2690 ἐπέκεινα
1522 2637 1615 2703 τῆς
1655 2632 1943 2703 αἰσθήσεως

382 2726 681 2809 ἀπῳκίσθαι
698 2728 802 2783 τῶν
825 2720 1151 2801 ζητουμένων
1172 2719 1406 2779 ἕκαστον·
1432 2724 1467 2791 ἡ
1497 2718 1552 2779 δὲ
1580 2721 1635 2779 ἐν
1658 2722 1942 2801 ὀφθαλμοῖς

382 2816 516 2885 αὕτη
552 2813 643 2873 καὶ
673 2814 854 2878 ἀκοαῖς
889 2810 981 2869 καὶ
1015 2808 1195 2890 χερσὶν
1231 2807 1449 2867 ἀπιστία
1485 2806 1577 2865 καὶ
1602 2807 1811 2887 ταραχὴ
1849 2807 1941 2866 καὶ

302 2925 354 2964 ao
385 2902 564 2981 ἄγνοια
589 2898 710 2981 περὶ
732 2896 799 2957 τὰ
823 2897 1048 2969 αἰσθητὰ
1065 2893 1265 2962 καὶτὰς
1282 2894 1593 2976 φαντασίας,
1616 2894 1710 2953 εἶτ’
1735 2896 1943 2968 ἀληθεῖς

382 2993 529 3059 εἰσιν,
570 2988 672 3047 εἴτε
710 2986 940 3067 ψευδεῖς,
977 2984 1092 3042 τίνα
1129 2982 1282 3050 δόξαν
1310 2985 1369 3041 οὗ
1412 2981 1649 3055 σαλεύει;
1696 2981 1850 3040 ποίαν
1898 2984 1943 3041 δ’

382 3080 474 3137 οὐκ
499 3077 607 3134 ἅνω
636 3074 728 3133 καὶ
753 3072 899 3131 κάτω
926 3080 1062 3129 ποιεῖ
1092 3071 1472 3149 συγκατάθεσιν
1501 3068 1593 3129 καὶ
1619 3068 1821 3150 κρίσιν,
1874 3072 1938 3151 (7)

382 3168 448 3226 Ei
489 3163 590 3244 γὰρ
618 3164 676 3221 οὔ
712 3161 1101 3240 κραιπαλῶντες
1131 3157 1246 3217 οὐδὲ
1278 3161 1654 3238 φαρμακῶντες
1682 3156 1944 3235 ἅνθρωποι

378 3253 469 3311 καὶ
515 3247 970 3330 παρακόπτοντες,
1018 3244 1155 3304 ἀλλὰ
1199 3244 1443 3327 νήφοντες
1488 3245 1577 3304 καὶ
1628 3245 1945 3323 ὑγιαίνοντες

300 3362 352 3398 :zo
379 3342 469 3398 καὶ
480 3338 768 3421 γράφοντες
779 3334 900 3416 περὶ
921 3332 1161 3407 ἀληθείας
1179 3332 1271 3393 καὶ
1284 3332 1514 3392 κανόνων
1533 3332 1625 3391 καὶ
1639 3334 1942 3414 κριτηρίων,

378 3431 405 3458 ⁴
436 3430 487 3486 ἐν
527 3434 635 3493 τοῖς
669 3420 1064 3506 ἐναργεστάτοις
1091 3419 1284 3479 πάθεσι
1316 3419 1407 3477 καὶ
1440 3418 1693 3495 κινήμασι
1728 3424 1819 3490 τῆς
1861 3424 1946 3479 αῖ-

387 3518 617 3581 σθησεως
640 3553 654 3578 ,
679 3515 713 3578 ἢ
739 3529 797 3563 το
826 3527 1153 3582 ανυπαρκτον
1177 3505 1381 3574 ἀληθὲς,
1399 3505 1433 3575 ἦ
1473 3507 1657 3586 ψεῦδος
1682 3505 1775 3565 καὶ
1812 3506 1942 3567 ἀνύ-

379 3622 609 3681 παρκτον
633 3602 882 3675 ἡγοῦνται
906 3597 968 3655 τὸ
990 3593 1204 3667 ἀληθὲς,
1233 3598 1327 3653 οὐκ
1355 3598 1400 3651 εἰ
1426 3592 1547 3673 περὶ
1574 3593 1789 3653 πάντων
1811 3600 1942 3667 ἡσυ·

378 3690 647 3768 χάζουσιν,
668 3684 783 3743 ἀλλ’
796 3683 847 3742 εἴ
860 3706 994 3743 τισιν
1009 3681 1141 3748 ὅλως
1155 3680 1638 3758 συγκατατίθενται,
1661 3684 1946 3760 θαυμάζειν

299 3801 352 3839 40
383 3778 538 3845 ἀξιον·
560 3775 665 3832 οὐδ’
688 3774 929 3844 ἄπιστον,
951 3774 995 3829 εἴ
1022 3770 1284 3849 μηδεμίαν
1311 3769 1478 3850 κρίσιν
1494 3768 1672 3849 ἔχουσι
1695 3771 1816 3854 περὶ
1838 3778 1942 3831 τῶν

382 3865 729 3945 φαινομένων,
755 3861 873 3918 ἀλλ’
897 3862 941 3917 εἰ
960 3856 1052 3925 τὰς
1077 3857 1309 3923 ἐναντίας
1335 3855 1532 3937 ἔχουσι.
1617 3858 1681 3937 (8)
1712 3861 1822 3919 Τοῦ
1841 3860 1945 3941 γὰρ

383 3951 591 4009 ἐναντία
612 3948 781 4027 λέγειν
801 3946 1049 4016 ἀλλήλοις
1074 3946 1164 4004 καὶ
1184 3944 1540 4021 ἀντικείμενα,
1568 3944 1629 4003 τὸ
1663 3946 1944 4029 μηδέτερον

381 4037 622 4117 [τιθέναι]
640 4081 656 4108 ,
686 4034 802 4094 ἀλλ’
846 4032 1055 4114 ἐπέχειν
1082 4032 1202 4114 περὶ
1229 4035 1332 4089 τῶν
1373 4030 1756 4108 ἀντικειμένων,
1787 4026 1945 4106 ἦττον

383 4126 445 4183 ἀν
474 4149 551 4190 τις
584 4123 914 4200 θαυμάσειεν·
944 4126 972 4180 ὁ
993 4119 1096 4199 γὰρ
1126 4117 1201 4198 μὴ
1227 4116 1410 4190 τιθεὶς,
1449 4119 1571 4196 μήτ’
1601 4119 1942 4201 ἀρνούμενος,

297 4251 349 4287 ⁴5
383 4210 517 4272 ἀλλὰ
534 4212 829 4291 ἡσυχάζων,
850 4209 1034 4290 καὶτῷ
1051 4206 1240 4267 τιθέντι
1257 4205 1356 4278 τὴν
1375 4206 1525 4275 δόξαν
1545 4199 1698 4279 ἦττον
1714 4208 1945 4290 μάχεται

380 4306 469 4360 τοῦ
501 4297 846 4381 ἀρνουμένου,
871 4297 1061 4375 καὶτῷ
1088 4293 1390 4377 ἀρνουμένῳ
1428 4300 1520 4354 τοῦ
1554 4294 1795 4363 τιθέντος.
1882 4299 1943 4375 (ο)

384 4390 452 4447 lit
483 4386 536 4444 δὲ
562 4383 897 4465 περὶτούτων
919 4380 1135 4443 δυνατόν
1159 4385 1301 4442 ἐστιν
1320 4379 1543 4461 ἐπέχειν,
1568 4380 1684 4441 οὐδὲ
1701 4382 1824 4464 περὶ
1842 4389 1945 4442 τῶν

387 4477 561 4534 ἄλλων
592 4471 865 4545 ἀδύνατον,
890 4473 1030 4531 κατά
1056 4494 1115 4552 γε
1144 4474 1307 4548 ὑμᾶς,
1352 4471 1590 4542 αἴσθησιν
1630 4472 1945 4547 αἰσθήσεως,

379 4563 468 4621 καὶ
505 4560 792 4643 φαντασίαν
834 4558 1123 4640 φαντασίας
1155 4560 1259 4619 οὐδ’
1297 4563 1466 4620 ὁτιοῦν
1495 4557 1752 4642 διαφέρειν
1780 4565 1947 4640 ἡγου-

300 4680 350 4717 ω
379 4649 579 4727 μένους.

459 4740 661 4800 ΧΧΙΧ.
702 4739 783 4797 Οὐ
809 4742 965 4814 μῦθος
982 4727 1068 4796 οῧν
1089 4735 1206 4795 οὐδὲ
1220 4735 1352 4816 θήρα
1378 4734 1661 4816 μειρακίων
1686 4733 1939 4813 λαμῦρων

383 4831 464 4884 ναὶ
499 4830 768 4902 προπετῶν
794 4829 821 4883 ὁ
847 4825 968 4904 περὶ
996 4829 1086 4896 τῆς
1109 4826 1305 4903 ἐποχῆς
1333 4823 1481 4901 λόγος
1506 4821 1665 4893 ἐστὶν,
1689 4828 1757 4889 ὡς
1776 4821 1941 4880 οἴεται

385 4912 662 4987 ξιολώτης,
694 4914 831 4973 ἀλλὰ
862 4913 961 4982 ἕξις
998 4914 1194 4992 ἀνδρῶν
1233 4911 1324 4970 καὶ
1354 4911 1577 4977 διάθεσις
1610 4910 1943 4989 φυλάττουσα

383 5019 443 5057 ιο
467 4997 823 5075 ἀδιάπτωτον,
865 4999 954 5058 καὶ
989 4998 1064 5078 μὴ
1088 4997 1345 5079 προίμένη
1373 4998 1486 5064 ταῖς
1511 4996 1945 5074 διαὸεὸλημέναις

2022 721 2163 769 resin
2185 720 2544 783 perplexitatem
2571 720 2857 780 conjiciunt,
2874 720 3165 784 judiciisque
3189 728 3352 771 metus
3377 729 3425 770 et
3445 724 3567 770 actio-

2021 808 2162 857 nibus
2181 808 2451 872 supiciones
2476 808 2736 867 inducunt;
2758 807 2996 871 siquidem
3015 822 3125 872 quae
3148 824 3238 858 nos
3261 811 3474 871 agimus,
3492 818 3564 859 stc.-

2023 896 2229 957 tuimus,
2248 909 2567 958 usurpamus,
2591 910 2690 957 proe
2713 897 2933 945 manibus
2953 896 3210 957 liabemuS,
3230 899 3392 947 eidem
3425 900 3564 960 imagi-

2021 984 2198 1033 nationi
2218 997 2274 1032 ac
2293 983 2403 1033 fidei
2424 984 2709 1044 innituntur,
2733 985 2811 1033 cui
2837 984 3016 1034 furiosa
3036 985 3128 1035 ista
3143 1022 3158 1046 ,
3184 987 3401 1036 absurda
3423 995 3469 1036 et
3485 1001 3565 1036 sce

2021 1071 2167 1121 lerata
2187 1072 2303 1120 visa.
2361 1072 2425 1133 (4)
2449 1071 2712 1133 AEqualitas
2729 1073 2858 1120 enim
2874 1085 3017 1134 quam
3039 1073 3268 1123 omnibus
3288 1081 3566 1137 supponunt,

2022 1159 2172 1221 magis
2190 1159 2384 1221 derogat
2402 1159 2542 1207 tidem
2566 1159 2625 1208 iis
2642 1172 2752 1222 qum
2776 1173 2862 1222 pro
2880 1160 3023 1209 certis
3043 1161 3296 1220 habentur,
3317 1177 3463 1224 quam
3477 1177 3564 1210 eon-

2021 1246 2147 1295 ciliat
2166 1246 2269 1296 istis
2290 1248 2458 1296 rationi
2478 1247 2544 1295 ita
2555 1246 2786 1296 adversis.
2852 1250 3022 1310 ltaque
3039 1250 3265 1298 novimus
3284 1251 3563 1313 philosopho

2021 1346 2128 1383 rum
2171 1333 2297 1382 haud
2331 1348 2511 1396 paucos
2548 1335 2689 1384 malle
2727 1335 2817 1383 hoc
2848 1348 3047 1398 ponere,
3080 1336 3268 1385 nullum
3304 1351 3409 1386 esse
3430 1339 3563 1386 risum

2022 1434 2206 1482 verum,
2222 1435 2364 1484 quam
2380 1423 2540 1471 omnia
2552 1435 2656 1471 esse
2668 1435 2781 1471 vera
2795 1439 2808 1483 ;
2821 1423 3066 1485 magisque.
3076 1422 3348 1473 diffidentes
3363 1428 3564 1474 omnibus

2020 1509 2070 1558 in
2092 1522 2214 1572 quos
2238 1509 2452 1559 incidant
2485 1510 2788 1569 hominibus,
2814 1510 2957 1559 rebus
2979 1525 3037 1560 ac
3067 1512 3400 1573 sermonibus,
3438 1528 3560 1575 quam

2023 1610 2170 1646 unum
2192 1599 2246 1646 nt
2269 1610 2431 1646 verum
2456 1600 2627 1660 putent
2647 1597 2808 1646 visum
2828 1596 2888 1647 de
2907 1598 3010 1658 his,
3031 1611 3144 1660 qnae
3168 1599 3400 1657 rabiosis,
3436 1604 3561 1662 Cor)-

2022 1683 2196 1733 banteo
2218 1684 2377 1734 surore
2406 1685 2685 1746 exagitatis,
2718 1690 2804 1734 aut
2836 1685 3185 1735 somniantibus
3208 1686 3448 1736 accidunt.
3508 1693 3564 1746 (5)

2022 1776 2146 1834 Ergo
2156 1773 2525 1835 quaerepudiare
2535 1772 2674 1821 nobis
2684 1772 3035 1832 nonlioet,licet
3049 1774 3266 1823 tamenin
3281 1775 3436 1823 medio
3446 1776 3560 1824 relin-

2021 1873 2166 1923 quere
2188 1864 2238 1909 et
2258 1862 2583 1910 assensionem
2606 1859 2668 1910 de
2686 1861 2745 1908 iis
2763 1861 2986 1909 cohibere
2998 1877 3013 1921 ;
3041 1861 3284 1923 hujusque
3302 1864 3563 1912 cohibenda-

2022 1948 2337 2008 assensionis,
2372 1947 2415 1997 si
2450 1948 2628 1997 nullam
2660 1948 2803 1997 aliam
2822 1984 2837 2008 ,
2861 1951 2990 1997 certe
3012 1949 3136 1998 hanc
3156 1962 3462 2012 sequeremur
3481 1951 3562 1999 ido-

2022 2048 2161 2084 neam
2186 2049 2381 2084 causam
2398 2072 2413 2098 ,
2441 2034 2571 2098 quod
2595 2040 2776 2084 tantam
2802 2035 2864 2085 de
2885 2036 3004 2085 visis
3030 2036 3155 2087 inter
3178 2036 3346 2087 doctos
3369 2039 3562 2087 homines

2021 2121 2365 2172 dissensionem
2385 2122 2809 2172 animadvertimus
2825 2161 2837 2183 ‚
2863 2127 2918 2172 ut
2942 2125 3111 2173 merito
3145 2125 3195 2173 in
3217 2125 3340 2174 hanc
3359 2127 3562 2189 suspicio·

2022 2223 2128 2257 nem
2163 2209 2457 2271 incidamus„
2487 2210 2605 2259 niliil
2630 2223 2792 2260 revera
2815 2210 2917 2259 sani
2951 2211 3000 2260 in
3024 2211 3172 2261 rebus
3205 2211 3382 2273 inesse,
3404 2214 3562 2275 quippe

2022 2296 2307 2346 habentibus
2337 2310 2530 2346 omnem
2564 2297 2905 2346 obscuritatem
2936 2312 2993 2347 ac
3023 2299 3437 2361 perturbationem.
3496 2304 3553 2361 (fi)

2021 2387 2139 2433 Nam
2165 2384 2259 2434 iliae
2282 2383 2477 2447 quidem
2502 2384 2562 2433 de
2594 2384 2911 2435 mundorum
2933 2398 3054 2448 quas
3087 2388 3323 2448 Epicurus
3339 2387 3471 2435 tradit
3491 2391 3556 2434 in·

2017 2470 2248 2529 finitam,
2286 2471 2348 2521 de
2378 2476 2669 2521 atomorum
2693 2475 2919 2529 natura,
2955 2472 3019 2521 de
3050 2472 3342 2523 individuis
3359 2478 3407 2522 et
3423 2474 3560 2522 decli-

2023 2562 2234 2609 natione
2252 2558 2581 2620 diversitatcS,
2602 2572 2875 2621 quanquam
2896 2559 3074 2607 multos
3089 2561 3369 2622 perturbant
3384 2597 3396 2619 ,
3416 2567 3556 2608 tamen

2021 2647 2068 2696 id
2094 2647 2324 2697 consolari
2350 2661 2439 2696 nos
2462 2650 2646 2710 potest,
2667 2646 2797 2709 quod
2822 2659 2919 2695 non
2939 2647 2989 2694 in
3013 2647 3231 2709 proximo
3256 2661 3311 2696 ea
3328 2652 3457 2708 sunt,
3479 2649 3554 2696 sed

2025 2734 2401 2797 unumquodque
2425 2736 2625 2784 istorum
2664 2733 2730 2784 de
2751 2734 2931 2797 quibus
2952 2734 3232 2797 disputant,
3263 2735 3394 2797 longe
3414 2741 3479 2783 est
3508 2735 3552 2782 in

2022 2823 2224 2872 alteram
2257 2827 2438 2885 partem
2469 2837 2499 2869 a
2530 2835 2675 2870 sensu
2712 2826 2966 2870 remotum.
3036 2825 3151 2871 Haec
3186 2835 3296 2872 vero
3323 2822 3382 2871 ob
3410 2822 3553 2869 oculos

2022 2922 2217 2960 versans
2247 2916 2296 2959 et
2329 2922 2472 2957 aures
2510 2921 2775 2971 manusque
2820 2908 3160 2969 incredulitas,
3193 2910 3471 2958 conturbatio
3511 2915 3552 2954 et

2023 2996 2255 3060 ignoratio
2291 2996 2353 3046 de
2388 2995 2646 3044 sensilibus
2677 2998 2727 3045 et
2758 2994 2902 3054 visis,
2927 3000 3089 3044 utrum
3115 3008 3228 3045 vera
3256 2996 3356 3045 haec
3374 3010 3427 3044 an
3452 2997 3550 3043 salsa

2023 3085 2143 3142 sint,
2159 3097 2302 3147 quam
2321 3097 2416 3133 non
2434 3082 2718 3133 labefactant
2736 3083 3009 3144 opinionem
3021 3085 3043 3131 Ρ
3055 3095 3202 3143 quam
3222 3096 3315 3131 non
3329 3096 3404 3131 sus
3419 3083 3553 3143 deque

2025 3170 2182 3219 serunt
2198 3169 2517 3218 assensionem
2535 3170 2584 3217 et
2598 3166 2867 3229 judicium?
2930 3168 3000 3231 (7)
3035 3169 3089 3217 Si
3112 3171 3242 3217 enim
3267 3183 3356 3218 non
3384 3170 3550 3232 crapula

2023 3257 2211 3317 obruti,
2232 3260 2317 3305 aut
2335 3256 2788 3306 medicamentorum
2812 3255 2859 3303 vi
2878 3255 3099 3305 concussi
3121 3261 3171 3305 et
3194 3255 3460 3316 delirantes,
3480 3259 3551 3304 sed

2025 3344 2197 3402 sobrii,
2221 3342 2349 3403 sani,
2366 3342 2516 3405 etqui
2535 3341 2742 3390 scribant
2760 3341 2820 3390 de
2845 3342 3072 3404 veritate,
3097 3345 3368 3406 normisque
3381 3349 3422 3393 et
3444 3344 3552 3403 jndi-

2024 3433 2097 3481 cio
2116 3424 2332 3480 veritatis'
2342 3466 2357 3487 ,
2379 3429 2427 3478 in
2446 3428 2822 3496 evidentissimis
2839 3442 3067 3478 sensuum
3090 3431 3414 3481 affectionibus
3431 3438 3552 3492 atque

2026 3518 2262 3578 motibus,
2287 3520 2372 3565 aut
2409 3515 2458 3565 id
2476 3515 2607 3578 quod
2629 3528 2725 3566 non
2743 3518 2901 3565 exstat
2921 3528 3090 3565 verum
3109 3554 3125 3579 ,
3147 3522 3234 3566 aut
3262 3519 3389 3582 quod
3409 3531 3554 3567 verum

2024 3611 2124 3667 est,
2144 3605 2314 3655 salsum
2337 3606 2387 3653 et
2409 3616 2503 3653 non
2526 3608 2722 3653 exstans
2744 3603 3055 3663 arbitrantur,
3073 3604 3175 3664 jam
3194 3618 3290 3654 non
3313 3605 3551 3654 mirandum

2025 3693 2066 3742 si
2105 3692 2164 3743 de
2202 3691 2428 3741 omnibus
2466 3690 2585 3739 visis
2618 3690 2942 3739 assensionem
2978 3690 3232 3753 cohibent3
3269 3691 3384 3741 illud
3420 3692 3555 3755 fionius

2025 3778 2294 3829 mirandum
2328 3778 2369 3827 si
2387 3777 2580 3826 omnino
2598 3776 2887 3840 quibusdam
2907 3777 3023 3827 visis
3045 3779 3395 3840 assentiunmr;
3419 3793 3553 3841 neque

2025 3866 2321 3927 incredibile,
2353 3866 2483 3929 quod
2516 3865 2728 3925 nullum,
2749 3865 2835 3916 sed
2865 3865 2996 3929 quod
3029 3866 3266 3917 contraria
3290 3868 3476 3917 invicem
3502 3867 3553 3913 de

2024 3956 2086 4005 iis
2111 3967 2223 4018 quoe
2244 3956 2472 4016 apparent
2494 3953 2656 4001 serunt
2674 3952 2869 4014 iudicia.
2935 3953 3006 4015 (8)
3029 3955 3192 4003 Minus
3215 3956 3386 4019 quippe
3403 3956 3552 4002 mirum

2024 4045 2125 4102 est,
2149 4040 2199 4090 in
2221 4046 2438 4089 neutram
2470 4039 2657 4101 aliquos
2679 4041 2866 4102 partem
2884 4040 3225 4103 pronunciare,
3259 4041 3342 4091 sed
3373 4042 3552 4090 retinere

2023 4129 2348 4180 assensionem
2372 4128 2422 4177 in
2445 4127 2504 4176 iis
2525 4139 2636 4190 quae
2654 4130 2769 4177 sunt
2789 4127 3052 4187 contraria,
3070 4141 3218 4191 quam
3248 4141 3352 4178 esse
3374 4129 3446 4189 qui
3476 4140 3549 4187 pu-

2023 4218 2214 4282 gnantia
2256 4229 2420 4265 secum
2462 4213 2789 4279 pronuncient.
2851 4215 2944 4274 Qui
2975 4214 3102 4264 enim
3145 4229 3298 4279 neque
3327 4216 3391 4264 ait
3418 4226 3550 4275 nequa

2024 4310 2189 4369 negat,
2204 4304 2287 4355 sed
2302 4304 2491 4353 cohibet
2507 4314 2632 4363 sese,
2651 4302 2695 4352 is
2711 4308 2759 4352 et
2772 4302 3030 4352 affirmanti
3045 4302 3202 4352 miuus
3220 4316 3359 4366 quam
3374 4312 3545 4364 negans,

2025 4398 2076 4445 et
2104 4392 2296 4456 neganti
2327 4392 2488 4442 minus
2509 4404 2655 4454 quam
2682 4391 2816 4440 aiens
2847 4389 3147 4440 adversatur.
3214 4390 3282 4452 (9)
3311 4392 3412 4439 Jam
3432 4388 3467 4437 si
3499 4386 3549 4434 de

2026 4483 2102 4533 liis
2131 4483 2293 4547 potest
2321 4478 2532 4529 assensio
2569 4478 2789 4538 retineri,
2813 4477 2874 4527 de
2893 4477 2996 4527 aliis
3019 4477 3137 4527 item
3158 4478 3348 4527 retineri
3374 4476 3549 4538 poterit,

2025 4567 2085 4618 de
2103 4573 2261 4617 vestra
2278 4564 2471 4628 quidem
2503 4567 2735 4615 seruientia
2751 4603 2767 4627 ‚
2787 4567 2867 4627 qui
2891 4579 3096 4615 sensum
3134 4579 3312 4623 semu,
3332 4567 3376 4615 ei
3408 4571 3546 4611 rim·-¹

2025 4658 2128 4705 viso
2152 4656 2459 4717 neutiquam
2479 4655 2731 4715 firmat-:rra
2747 4651 2923 4699 dicitis.

2084 4744 2253 4791 XXlX.
2285 4742 2388 4789 Non
2411 4739 2727 4799 ergnfniffli'tr
2751 4743 2851 4791 επ,
2879 4743 3340 4803 andnemi-:inliniri
3356 4747 3400 4787 cs
3424 4747 3449 4787 s.
3468 4755 3544 4783 :nv

2024 4833 2289 4879 rariorum
2318 4831 2487 4889 caprio
2519 4827 2951 4883 adalram-urium,
2983 4827 3084 4875 iffa
3116 4827 3178 4875 dr
3196 4827 3544 4875 cnissis-mnium-

2024 4928 2252 4965 scnstone
2271 4914 2503 4964 doctrinis
2519 4947 2535 4967 1
2555 4919 2607 4963 ut
2631 4919 2767 4975 pul-al.
2787 4915 3003 4975 ΕϋΙυΙΕες,
3023 4915 3108 4963 Sed
3128 4919 3314 4963 'inanima-0
3340 4915 3540 4963 finarum.

1981 5009 1990 5022 ·
2027 5010 2074 5054 et
2099 5004 2291 5053 ass'ectio
2315 5003 2591 5052 custodiens
2619 5003 2679 5051 ab
2707 5018 2887 5063 errore,
2931 5019 3084 5063 neque
3115 5003 3376 5067 [ermini-ns
3396 5003 3448 5047 ita
3476 5011 3540 5043 m*

3685 344 3696 588 --—..-ss⁴
3688 283 3693 298 μ
