3709 5609
172 262 518 337 ‹olna-el·
963 260 1576 333 QUAESTIONUM
1635 264 2286 335 CONVIVALIUM
2338 275 2502 336 LIB.
2558 278 2614 349 1,
2660 288 2715 337 2.
3300 298 3410 350 747

182 389 381 474 αὐλείῳ
407 391 499 452 τὸν
518 398 679 477 τῦφον
707 392 1099 474 ἀποκλείοντες,
1130 394 1442 479 εἶσάγειντῇ
1469 396 1758 481 παραθύρῳ
1847 403 2179 466 intendamus,
2217 420 2481 459 verendum
2529 416 2645 472 puto
2686 426 2749 462 ne
2783 412 3032 465 videamur
3069 418 3249 470 fastum
3288 422 3413 472 ostio

181 477 319 540 ...a
346 483 550 555 muz<
573 481 880 566 ἀδιαφορίας
895 506 910 520 ·
925 485 980 543 εν
1002 475 1047 568 ᾧ
1066 483 1156 544 και
1181 485 1490 570 mom
1508 488 1600 547 καὶ
1613 487 1760 570 νόμῳ
1847 465 2383 593 atzatxz‘ss'ffia
2401 474 3476 605 wemma.

183 571 384 633 δοτέον.
471 573 569 665 (4)*
592 573 671 634 Ἢ
716 572 807 631 καὶ
857 573 1143 655 προπόσεις
1181 574 1273 637 καὶ
1320 574 1760 659 προσαγορεύσεις
1846 592 2184 642 consuetudini
2198 593 2381 656 aliquid
2400 594 2613 645 dandum
2634 600 2743 659 est,
2764 604 2814 649 et
2832 601 3014 664 legibus
3032 605 3411 656 concedendum.

180 659 457 720 ἀνέλωμεν
507 666 561 719 αἱ
617 684 661 719 π
693 659 747 729 ὸς
765 660 856 721 rob
908 663 1061 722 ἐπιτυ
1138 662 1330 725 ἄνοντα
1379 665 1486 726 οὐδ’
1504 668 1573 726 &x
1610 665 1702 725 ίτω
1846 654 1941 714 (4)
1977 654 2076 704 Nisi
2109 656 2468 729 propinationes
2505 659 2651 708 etiam
2684 662 2911 712 volumus
2943 668 2993 713 et
3023 667 3414 730 compellationes

358 720 370 739 .
461 706 477 735 ν
566 686 589 729 ς
663 684 691 742 Ρ
860 686 886 730 ς
1064 687 1138 746 Υχ
1333 689 1358 734 ‘³'
1578 691 1605 748 Ρ
1706 691 1754 741 ‘³’
1845 714 2065 776 abolere,
2099 718 2277 789 quibus
2308 719 2563 769 adversum
2592 734 2677 771 eos
2709 724 2999 786 quibuscum
3025 727 3164 778 nobis
3200 743 3279 779 res
3310 735 3413 791 est,

119 768 144 804 δ
177 750 297 809 ἀλλ’
321 755 393 818 ὣς
416 749 685 828 ἐνδέχεται
713 750 948 829 μάλιστα
971 752 1268 834 χρώμενοι,
1292 758 1528 833 τιμῶμεν
1847 793 1942 826 non
1972 792 2248 841 promiscue
2284 783 2485 844 utimur,
2524 782 2609 832 sed
2649 790 2884 846 quantum
2909 789 3109 839 omnino
3131 789 3233 841 fieri
3257 796 3417 856 potest

571 887 580 894 ,
1845 841 2135 890 honoramus

305 886 414 948 ἕδρῃ
431 901 481 935 τε
498 885 691 950 ἵμασεν
708 886 752 935 τ’
765 921 781 948 2
798 885 878 945 ἠδὲ
893 885 1066 945 πλείοις
1079 886 1348 949 δεπάῑσωῆ
2099 930 2291 975 Assessu
2308 964 2320 984 ,
2343 931 2497 976 carnis
2513 933 2656 978 missu
2670 967 2681 989 ,
2702 935 2943 993 plenisque
2960 938 3173 995 culullis;

175 1001 248 1068 ὥς
270 1025 430 1083 φησιν
453 1005 482 1061 ὃ
505 1005 609 1061 τῶν
640 1000 916 1075 Ἑλλήνων
949 1002 1226 1084 βασιλεὺς,
1254 1004 1349 1077 τὴν
1370 1004 1514 1075 τάξιν
1536 1008 1590 1064 ἓν
1616 1006 1754 1088 πρώ·
1845 1027 1900 1075 ut
1919 1025 2008 1089 ‚ille
2037 1028 2317 1076 Graecorum
2339 1041 2424 1078 rex
2455 1028 2642 1093 inquit,
2664 1031 2820 1081 ordini
2842 1033 3037 1087 honoris
3054 1038 3233 1100 primas
3256 1044 3418 1103 partes

174 1116 243 1170 τῃ
277 1095 408 1170 τιμῇ
427 1089 711 1170 τιθέμενος.
799 1093 860 1170 (s)
886 1090 1245 1171 Ἐπαινοῦμεν
1276 1091 1330 1152 δὲ
1350 1093 1443 1154 καὶ
1464 1093 1552 1153 τὸν
1581 1094 1750 1154 Ἀλκί-
1845 1104 2075 1156 tribuens.
2141 1106 2227 1170 (5)
2258 1106 2515 1158 Alcinoum
2538 1122 2733 1173 quoque
2756 1110 3038 1177 laudamus,
3063 1116 3145 1179 qui
3173 1116 3414 1181 hospitem

175 1203 314 1251 νουν,
345 1179 426 1238 ὅτι
460 1178 550 1239 τὸν
575 1178 714 1249 ξένον
741 1179 908 1263 ἱδρύει
934 1181 1058 1263 παρ’
1090 1180 1271 1261 αὐτὸν,
1837 1194 1981 1254 juxta
2004 1207 2057 1244 se
2075 1194 2360 1258 collocaret,

1894 1291 2098 1335 Gnatum
2123 1292 2336 1347 jussisset
2350 1304 2497 1350 quum
2518 1305 2707 1350 surgere
2727 1294 3063 1353 Leodamanta,

98 1328 147 1366 ¹⁰
303 1313 414 1363 Πὸν
430 1313 700 1373 ἀναστήσας
717 1314 991 1379 ἀγαπήνορα
1016 1314 1333 1379 Λαοδάμαντα
1349 1353 1362 1377 ’
1894 1364 2053 1398 carum
2074 1365 2170 1411 prm
2189 1356 2381 1412 reliquis
2395 1388 2409 1411 ,
2425 1356 2578 1412 ipsum
2597 1357 2681 1413 qul
2701 1368 2820 1415 pone
2842 1359 3041 1406 sedebat.

299 1386 351 1440 ὅς
370 1386 416 1434 oi
433 1384 637 1443 πλησίον
656 1385 740 1443 ῑζε·
763 1386 968 1449 μάλιστα
985 1388 1036 1437 δέ
1057 1404 1135 1451 μιν
1154 1388 1406 1452 φιλέεσκεν.

171 1518 254 1581 Τὸ
278 1518 386 1600 γὰρ
413 1522 486 1589 εἷς
511 1518 608 1593 τὴν
633 1527 725 1581 τοῦ
752 1521 1065 1605 φιλουμένου
1089 1519 1268 1604 χώραν
1293 1521 1508 1582 καθίσαι
1531 1520 1618 1582 τὸν
1643 1521 1745 1582 ῖχέ-
1842 1525 2114 1575 Admodum
2151 1526 2279 1576 enim
2313 1527 2582 1580 humanum
2620 1531 2711 1582 fuit
2742 1537 2792 1583 et
2827 1536 3001 1584 scitum
3042 1536 3246 1599 factum,
3285 1538 3411 1601 quod

172 1633 290 1681 την,
319 1608 575 1679 ἐπιδέξιον
608 1611 853 1691 ἐμμελῶς
889 1611 979 1672 καὶ
1016 1612 1400 1695 φιλάνθρωπον.
1483 1612 1555 1692 (6)
1586 1607 1747 1673 Ἐστι
1840 1614 2105 1678 supplicem
2129 1613 2363 1666 inlocum
2387 1616 2551 1668 dilecti
2577 1620 2774 1684 recepit.
2837 1622 2923 1685 (6)
2951 1623 3044 1675 Sed
3075 1629 3126 1675 et
3148 1626 3276 1689 apud
3299 1626 3414 1677 deos

173 1697 348 1758 δὲκαὶ
383 1696 534 1781 παρὰ
563 1708 672 1768 τοῖς
712 1704 842 1768 θεοῖς
877 1700 1137 1784 διάκρισις
1175 1706 1280 1762 τῶν
1317 1700 1583 1762 τοιούτων.
1679 1704 1746 1763 ‘0
1838 1705 1913 1753 est
1930 1701 2167 1766 judicium
2185 1709 2234 1754 et
2253 1704 2508 1757 discrimen
2529 1706 2673 1771 hujus
2692 1709 2777 1760 rei.
2845 1714 3099 1776 Neptunus
3116 1715 3242 1764 enim
3266 1730 3413 1779 quan·

95 1810 142 1847 ιε,
174 1787 270 1865 μὲν
295 1786 403 1870 γὰρ
430 1790 724 1865 Ποσειδῶν,
759 1790 951 1872 καίπερ
974 1790 1199 1860 ὕστατος
1228 1795 1300 1859 εἷς
1336 1790 1430 1865 τὴν
1461 1792 1744 1867 ἐκκλησίαν
1837 1805 1984 1856 quam
2004 1792 2207 1843 ultimus
2227 1799 2423 1845 venerat
2447 1794 2497 1846 in
2521 1797 2827 1861 concionem,
2854 1801 3165 1853 nihilominus

168 1875 593 1959 παραγενόμενος
607 1924 623 1952 ,

299 2018 424 2072 Ἷζεν
444 2016 518 2081 ἄρ’
543 2015 592 2065 ἐν
616 2014 883 2079 μέσσοισιν,
1891 2024 1943 2068 In
1962 2022 2116 2068 medlo
2134 2022 2343 2069 consedit
2365 2038 2379 2069 e

1839 2136 2065 2186 nimirum
2089 2136 2183 2186 hoc
2205 2136 2312 2187 loco
2336 2136 2384 2187 in
2408 2137 2567 2202 ipsum
2592 2144 2925 2194 conveniente.
2992 2146 3080 2209 (7)
3101 2147 3315 2197 Minerva
3335 2162 3411 2197 au·

1840 2231 1934 2276 tem
1959 2223 2151 2276 videtur
2168 2224 2400 2276 eximium
2422 2226 2551 2277 hunc
2572 2228 2736 2280 locum
2755 2231 2981 2283 habuisse
2995 2272 3008 2295 ,
3032 2240 3086 2284 ut
3100 2249 3287 2299 semper
3304 2238 3410 2286 Jovi

1839 2314 2053 2376 proxime
2085 2313 2325 2364 adsideret
2356 2328 2369 2363 :
2412 2315 2558 2378 idque
2590 2323 2729 2381 poeta
2757 2320 2992 2383 significat
3023 2323 3083 2372 (le
3113 2322 3316 2374 Thetide
3348 2324 3409 2373 di-

1837 2416 1952 2453 cens
1968 2438 1985 2465 ‚

1891 2517 2072 2564 assedit
2094 2517 2334 2574 patrique,
2357 2521 2508 2565 locum
2528 2516 2714 2566 cedente
2732 2520 2939 2566 Minerva
2959 2537 2971 2565 z

164 2135 240 2196 ὡς
269 2125 468 2199 ταύτης
495 2127 646 2207 αὗτῷ
678 2129 772 2195 τῆς
804 2123 985 2205 χώρας
1020 2122 1404 2205 προσηκούσης.
1492 2127 1555 2204 (7)
1601 2125 1671 2187 Ἥ
1702 2128 1744 2186 δ’

168 2219 367 2290 Ἀθηνᾶ
389 2214 631 2298 φαίνεται
657 2212 746 2273 τὸν
774 2211 997 2285 πλησίον
1028 2211 1111 2271 ἀεὶ
1143 2218 1236 2272 τοῦ
1263 2212 1385 2281 Διὸς
1414 2212 1573 2274 τόπον
1602 2213 1739 2283 ἐξαί-

84 2332 138 2369 ευ
166 2330 320 2388 ρετον
353 2303 579 2385 ἔχουσα·
611 2301 702 2362 καὶ
748 2307 901 2361 τοῦτο
928 2300 1282 2384 παρεμφαίνει
1309 2300 1408 2379 μὲν
1436 2305 1464 2360 ὁ
1498 2302 1742 2376 ποιητὴς,

163 2397 230 2454 δι’
259 2388 334 2455 ὧν
368 2393 454 2453 ἐπὶ
474 2398 567 2467 τῆς
588 2389 803 2460 Θέτιδός
816 2413 998 2471 φησιν,

294 2531 359 2580 Ἢ
383 2529 427 2578 δ’
453 2527 546 2591 ἄρα
567 2526 662 2589 πὰρ
683 2526 756 2576 Διὶ
776 2526 914 2590 πατρὶ
934 2525 1180 2585 καθέζετο,
1206 2524 1293 2581 εἶξε
1317 2525 1357 2573 δ’
1382 2525 1549 2584 Ἀθήνη
1564 2542 1577 2554 ·

166 2644 460 2730 διαρρήδην
490 2641 546 2703 δὲ
569 2646 599 2703 ὁ
626 2642 883 2723 Πίνδαρος
903 2640 1070 2720 λέγει·
1838 2654 1887 2697 et
1909 2648 2145 2699 Pindarus
2166 2649 2345 2701 diserte
2367 2650 2518 2709 dixit,

297 2783 404 2845 Πῦρ
422 2779 640 2834 πνέοντος
658 2776 739 2827 ἅτε
757 2779 981 2840 κεραυνοῦ
1030 2772 1041 2839 Ι
1089 2773 1296 2839 ἄγχιστα
1316 2775 1480 2838 ἡμένη,
1892 2772 2094 2827 Spiranll
2116 2772 2325 2818 flammas
2343 2783 2450 2830 quae
2470 2783 2614 2831 prope
2635 2771 2819 2817 fulmini
2838 2772 3023 2819 assidet.

1788 2005 1796 2162 ἱ

85 2912 129 2947 ιτ,
163 2900 229 2971 (s)
261 2888 460 2953 Καίτοι
483 2885 640 2970 φήσει
662 2885 851 2965 Τίμων
875 2887 935 2945 οὗ
959 2886 1066 2945 δεῖν
1087 2884 1422 2967 ἀφαιρεῖσθαι
1441 2889 1543 2956 τῶν
1571 2885 1744 2946 ἄλλων
1840 2897 1926 2959 (8)
1962 2896 2101 2947 Dicet
2122 2896 2317 2961 quidem
2339 2897 2542 2959 Timon,
2566 2910 2665 2947 non
2688 2895 2862 2947 debere
2888 2899 3062 2947 ceteris
3086 2899 3258 2948 auferri
3280 2900 3407 2963 quod

158 2983 235 3043 ἑνὶ
266 2977 636 3063 προσνέμοντα
656 2973 754 3049 τὴν
776 2974 956 3053 τιμήν.
1037 2968 1213 3056 ’Ότι-ἐρ
1238 2972 1392 3043 αὐτὸς
1417 2972 1551 3034 ἔοικε
1579 2984 1745 3036 ποιεῖν
1838 2986 1919 3035 uni
1939 2986 2141 3037 tribuas.
2205 2984 2352 3050 Atqui
2374 2985 2468 3036 hoc
2492 2985 2651 3049 ipsum
2675 2988 2749 3035 est
2772 2984 2903 3047 quod
2927 2985 3004 3034 ille
3028 2983 3144 3034 facit
3163 2986 3372 3035 maxime
3394 3000 3406 3035 ε

162 3074 401 3131 αᾶλλον·
430 3067 730 3150 ἀφαιρεῖται
760 3063 861 3147 γὰρ
890 3067 918 3122 ὁ
941 3062 1111 3124 κοινὸν
1138 3067 1302 3123 ποιῶν
1330 3062 1392 3123 τὸ
1421 3062 1578 3123 ἴδιον·
1610 3063 1740 3124 ἴδιον
1835 3074 2005 3125 adimit
2026 3074 2153 3124 enim
2176 3074 2305 3139 quod
2332 3073 2577 3138 proprium
2603 3073 2747 3123 unius
2770 3073 2835 3123 sit
2854 3073 2937 3136 qui
2962 3072 3127 3125 multis
3153 3073 3265 3124 facit
3279 3088 3407 3124 com·

160 3134 215 3221 δὲ
236 3160 300 3221 τὸ
327 3159 449 3218 κατ’
472 3156 621 3226 ἀξίαν
646 3154 884 3215 ἑκάστου·
905 3154 996 3214 καὶ
1024 3154 1165 3213 ποιεῖ
1187 3152 1380 3235 δρόμου
1401 3152 1488 3213 καὶ
1513 3156 1743 3227 σπουδῆς
1835 3177 2016 3214 inune:
2045 3163 2290 3227 proprium
2317 3166 2484 3212 autem
2508 3161 2770 3224 unicuique
2796 3165 2897 3223 est,
2923 3160 3054 3224 quod
3077 3162 3285 3226 quisque
3308 3177 3403 3213 mc·

158 3250 218 3308 τὸ
259 3254 544 3329 πρωτεῖον,
583 3246 745 3325 ἀρετῇ
774 3242 866 3303 καὶ
895 3241 1169 3322 συγγενείᾳ
1211 3240 1302 3299 καὶ
1331 3243 1473 3322 ἀρχῇ
1503 3241 1594 3300 καὶ
1633 3251 1742 3310 τοῖς
1834 3256 1968 3302 retur
1997 3267 2011 3301 ε
2042 3265 2099 3301 ac
2120 3250 2412 3302 festinationi
2435 3249 2698 3314 cursuique
2716 3249 2890 3300 tribuit
2910 3250 3091 3313 primas
3116 3255 3303 3314 partes,
3327 3252 3406 3301 de·

78 3349 132 3389 ³⁰
158 3337 418 3403 τοιούτοις
449 3332 803 3417 ὀφειλόμενον.
890 3332 950 3411 (ο)
984 3329 1094 3391 Καὶ
1129 3329 1189 3388 τὸ
1215 3329 1448 3409 λυπηρὸν
1475 3320 1609 3389 εἶναι
1634 3339 1742 3399 τοῖς
1832 3342 1958 3392 bitas
2003 3341 2165 3404 potius
2208 3340 2407 3402 virtuti,
2451 3337 2751 3402 cognationi,
2793 3337 3123 3402 magistratui,
3170 3344 3219 3389 et
3264 3340 3403 3391 rebus

157 3424 508 3505 κεκλημένοις
531 3421 735 3506 φεύγειν
760 3422 946 3493 δοκῶν,
972 3421 1173 3497 μᾶλλον
1202 3417 1479 3498 ἐφέλκεται
1505 3422 1624 3479 καθ’
1649 3425 1740 3479 αὖ·
1830 3430 2085 3481 similibus.
2149 3428 2234 3492 (9)
2260 3433 2321 3478 Et
2340 3428 2470 3492 quod
2494 3428 2658 3490 fugere
2682 3429 2790 3478 vult
2810 3440 2871 3478 ne
2892 3428 3114 3478 convivis
3132 3429 3404 3480 molestiam

155 3524 249 3577 τοῦ
264 3541 279 3554 ·
303 3518 466 3575 λυπεῖ
489 3510 590 3593 γὰρ
614 3512 918 3592 ἀποστερῶν
935 3513 1028 3580 τῆς
1048 3507 1298 3580 συνήθους
1313 3513 1474 3586 τιμῆς
1495 3507 1738 3570 ἕκαστον.

159 3608 250 3684 (ιο)
290 3601 459 3682 Ἐμοὶ
495 3600 538 3660 δ’
568 3601 628 3659 οὗ
654 3596 778 3658 λίαν
807 3596 1041 3678 χαλεπὸν
1075 3587 1209 3655 εἶναι
1236 3598 1377 3657 δοκεῖ
1403 3595 1464 3657 τὸ
1491 3597 1616 3680 περὶ
1643 3596 1739 3672 τὴν

158 3697 450 3777 διάκρισιν.
532 3694 754 3773 Πρῶτον
782 3687 877 3768 μὲν
898 3686 1002 3770 γὰρ
1031 3685 1313 3769 ἐφάμιλλοι
1339 3687 1447 3754 τοῖς
1475 3685 1739 3766 ἀξιώμασι

81 3797 129 3835 “³
156 3783 356 3845 πολλοὶ
383 3780 514 3863 πρὸς
538 3778 663 3859 μίαν
680 3779 868 3850 κλῆσιν
897 3778 955 3837 οὗ
983 3774 1173 3861 ῥᾳδίως
1195 3777 1525 3834 ἀπαντῶσιν·
1554 3774 1739 3835 ἔπειτα

153 3872 424 3934 πλειόνων
452 3870 626 3930 τόπων
650 3870 704 3928 ἐν
728 3865 851 3949 δόξῃ
878 3863 1186 3947 γεγονότων,
1216 3863 1436 3946 ἀφθονία
1457 3870 1549 3937 τῆς
1571 3865 1738 3925 διανο·

158 3969 264 4041 μ’ῆς
290 3964 458 4033 ἐστιν,
485 3959 550 4019 ἄν
577 3981 655 4025 τις
677 3958 944 4035 εὐστοχεῖν
970 3952 1214 4026 δύνηται,
1241 3950 1329 4011 τὸν
1355 3950 1470 4029 μὲν,
1495 3951 1575 4011 ὅτι
1592 3957 1739 4034 πρῶ-

1778 4089 1783 4132 i

1777 4191 1782 4323 ἱ

1829 3518 2079 3580 exhibeat,
2103 3517 2151 3567 in
2188 3518 2236 3567 id
2272 3517 2430 3581 ipsum
2461 3515 2631 3567 Incidit
2666 3530 2680 3566 τ
2714 3530 2825 3566 nam
2855 3529 2981 3580 azgre
3004 3518 3118 3567 facit
3138 3518 3298 3579 omni,
3322 3521 3404 3581 qui

1829 3608 2009 3657 usitato
2025 3619 2137 3657 eum
2157 3607 2338 3655 honore
2360 3606 2537 3669 privat.
2603 3605 2722 3669 (10)
2742 3608 2966 3656 Ceterum
2985 3605 3265 3667 dijudicatio
3285 3607 3402 3656 mihi

1828 3697 2025 3761 quidem
2046 3709 2144 3745 non
2168 3694 2430 3744 admodum
2452 3692 2646 3745 videtur
2662 3692 2873 3744 difficilis
2896 3695 3153 3758 :primnm‚
3173 3696 3289 3758 quia
3308 3709 3401 3746 non

1828 3786 1965 3837 facile
1987 3785 2129 3835 multi
2149 3798 2246 3835 una
2264 3783 2529 3834 invitantur
2545 3784 2779 3846 dignitate
2799 3784 3042 3848 oequales3
3062 3782 3235 3834 deinde
3249 3799 3400 3847 quum

1827 3875 1966 3925 multi
2002 3874 2100 3925 sint
2131 3873 2225 3924 loci
2266 3873 2511 3934 honorati,
2551 3874 2671 3923 satis
2706 3873 2858 3937 copiae
2893 3878 2969 3923 est
3006 3874 3208 3923 honores
3242 3874 3400 3923 distri-

1827 3964 2032 4024 buendi,
2057 3963 2203 4013 modo
2235 3962 2346 4025 quis
2383 3961 2584 4013 feliciter
2614 3963 2853 4026 conjicere
2886 3962 3041 4026 possit
3072 3961 3182 4025 quis
3214 3961 3399 4025 primus

156 4078 273 4125 τος,
309 4049 403 4109 τὸν
428 4047 510 4122 δὲ,
539 4046 620 4107 ὅτι
648 4045 836 4125 μέσος,
862 4043 950 4103 τὸν
978 4042 1048 4120 δ’,
1077 4040 1158 4101 ὅτι
1184 4041 1312 4124 παρ’
1338 4040 1515 4115 αὑτὸν,
1537 4040 1573 4113 ἢ
1603 4040 1739 4118 μετὰ
1826 4055 1920 4116 sit,
1940 4053 2050 4116 quis
2071 4051 2287 4114 mediuS‚
2312 4056 2415 4101 tum
2440 4051 2550 4114 quis
2567 4050 2709 4115 juxta
2732 4052 2891 4116 ipsum
2915 4050 3223 4100 collocandus
3242 4088 3256 4112 ,
3286 4050 3398 4114 quis

156 4145 316 4203 οίλου
349 4137 516 4216 τινὸς,
547 4135 582 4208 ἢ
612 4133 889 4208 συνήθους,
912 4132 949 4205 ἢ
978 4136 1304 4212 καθηγητοῦ,
1335 4128 1503 4199 διδοὺς
1529 4130 1737 4213 ἑκάστῳ
1821 4144 1961 4206 Juxta
1994 4141 2232 4202 amicum,
2268 4144 2355 4190 aut
2387 4139 2695 4201 familiarem,
2739 4142 2825 4190 aut
2861 4138 3144 4200 magistrum
3184 4153 3197 4187 :
3237 4139 3400 4189 locum

87 4243 129 4277 ν)
156 4237 262 4291 τῶν
291 4228 665 4305 ἀξιωματικῶν
683 4219 979 4303 λεγομένων
993 4243 1006 4258 ·
1025 4223 1134 4287 τοῖς
1157 4218 1211 4278 δὲ
1233 4218 1410 4287 ἄλλοις
1433 4219 1628 4300 δωρεᾶς
1646 4219 1738 4279 καὶ
1825 4231 1969 4294 igitur
1990 4228 2201 4293 assignet
2224 4228 2482 4292 unicuique
2499 4241 2560 4278 ex
2583 4225 2828 4277 honoratis
2851 4240 2864 4274 :
2886 4224 3082 4287 reliquis
3103 4238 3193 4288 ego
3208 4239 3397 4276 munus·

156 4314 549 4403 φιλοφροσύνην
571 4313 750 4374 ἔλιπον
769 4309 1081 4371 ἀνάπαυλαν
1098 4309 1297 4389 μᾶλλον
1311 4313 1405 4380 τῆς
1420 4312 1596 4386 τιμῆς.
1642 4310 1737 4390 (ιι)
1778 4326 1782 4341 ·
1825 4322 1934 4371 cula
1964 4324 2013 4370 et
2042 4319 2247 4369 amicam
2278 4316 2611 4368 tractationem
2658 4314 2845 4378 potius,
2876 4327 3021 4377 quam
3059 4314 3289 4364 honorem
3319 4314 3397 4364 ad·

157 4411 250 4469 Ἂν
279 4407 342 4467 δὲ
363 4403 717 4485 δυσδιάκριτοι
742 4398 836 4479 μὲν
865 4403 921 4459 αἱ
942 4398 1112 4469 ἀξίαι,
1139 4396 1381 4458 δύσκολοι
1404 4394 1460 4456 δὲ
1484 4400 1532 4456 οἱ
1555 4396 1737 4480 ἄνδρες
1824 4410 1985 4461 hibeo.
2048 4409 2174 4472 (11)
2207 4406 2393 4467 Quodsi
2422 4418 2561 4470 pares
2598 4404 2694 4454 sint
2728 4402 2981 4465 dignitates
3002 4406 3051 4452 et
3087 4402 3304 4452 difficiles
3336 4403 3397 4451 ad

157 4490 314 4569 ῶτιν,
343 4494 441 4576 δρα
465 4493 582 4552 τίνα
612 4488 859 4571 μηχανὴν
888 4488 1090 4569 ἐπάγω.
1178 4485 1499 4548 Κατακλίνω
1527 4484 1631 4568 γὰρ
1665 4489 1736 4556 εἷς
1776 4539 1780 4580 Ι
1822 4496 2189 4550 discernendum
2207 4531 2223 4558 ,
2250 4494 2467 4545 convivae
2489 4498 2651 4543 autem
2669 4490 2877 4554 morosi;
2897 4490 3010 4541 vide
3028 4505 3174 4555 quam
3193 4505 3281 4554 ego
3304 4505 3398 4540 ma·

155 4587 246 4645 τὸν
279 4582 486 4652 ἔνδοξον
515 4579 747 4659 μάλιστα
785 4576 962 4653 τόπον,
998 4577 1062 4637 ἂν
1103 4575 1199 4655 μὲν
1236 4568 1273 4656 ᾖ
1315 4574 1522 4656 πατὴρ,
1551 4582 1734 4635 τοῦτον
1776 4623 1779 4638 ,
1822 4580 2016 4629 cuinam
2038 4577 2341 4628 admoveam.
2406 4572 2810 4625 Honestissimum
2834 4572 2992 4622 locum
3011 4571 3172 4621 tribuo
3192 4571 3334 4634 patri,
3355 4573 3396 4620 si

86 4679 130 4718 θ’)
158 4675 453 4756 ἀράμενος·
492 4673 537 4730 εἶ
572 4670 627 4730 δὲ
666 4668 771 4748 μὴ,
802 4666 1043 4740 πάππον,
1084 4664 1121 4738 ἢ
1156 4663 1420 4747 πενθερὸν,
1460 4664 1497 4738 ἢ
1537 4665 1734 4748 πατρὸς
1775 4655 1778 4667 ’
1822 4668 1974 4729 adsit,
1996 4680 2096 4732 prae
2114 4665 2313 4726 ceteris;
2334 4662 2861 4726 sinminus‚avo‚aut
2880 4662 3171 4723 socero,aut
3196 4665 3392 4723 patruo,

157 4761 412 4845 ἀδελφὸν,
439 4761 474 4834 ἤ
502 4784 618 4818 τινα
645 4763 748 4819 τῶν
775 4754 1200 4836 ὁμολογουμένη
1220 4752 1312 4813 καὶ
1340 4752 1477 4812 ἰδίαν
1505 4752 1732 4835 ἐχόντων
1774 4731 1778 4811 ί
1821 4762 1907 4807 aut
1942 4755 2082 4805 alicui
2121 4752 2329 4816 denique
2364 4752 2443 4801 cui
2480 4750 2611 4814 apud
2647 4751 3007 4800 convivatorem
3043 4747 3295 4812 peculiaris
3330 4748 3392 4797 sit

156 4854 310 4935 παρὰ
336 4855 416 4911 τῶ
454 4847 719 4929 δεχομένῳ
746 4852 902 4926 τιμῆς
934 4850 1224 4927 ὑπεροχην·
1257 4847 1316 4902 ἐκ
1349 4845 1453 4902 τῶν
1488 4841 1732 4924 Ὁμήρου
1774 4812 1778 4925 f
1821 4843 2045 4911 quaedam
2078 4844 2128 4893 et
2162 4840 2417 4892 manifesta
2458 4840 2653 4891 honoris
2688 4837 3022 4903 praerogativa.
3087 4837 3241 4900 quue
3272 4835 3393 4886 adeo

156 4944 215 5000 τὸ
246 4913 510 5020 θεώριηαα
535 4942 689 4996 τοῦτο
721 4934 1010 5015 λαμὸάνων
1038 4931 1388 5005 καθηκόντων.
1496 4932 1588 5011 (12)
1626 4931 1732 4991 Καὶ
1775 4943 1777 4954 ¹
1819 4936 2147 4986 commentum
2169 4945 2319 4982 unum
2360 4934 2437 4982 est
2449 4930 2510 4980 de
2529 4930 2615 4991 iis,
2634 4942 2745 4993 quoe
2762 4942 2822 4978 ex
2843 4925 3037 4978 Homeri
3055 4926 3252 4990 pulchre
3271 4939 3389 4987 prae·

10 5078 15 5090 .
159 5030 258 5111 vlup
290 5032 407 5089 ἐκεῖ
432 4999 689 5099 δήπουθεν
715 5028 744 5083 ὁ
783 5022 1049 5104 Ἀχιλλεὺς
1077 5020 1167 5080 τὸν
1206 5018 1480 5080 Μενέλεων
1516 5018 1606 5078 καὶ
1643 5019 1731 5079 τὸν
1773 4977 1778 5072 Ι
1820 5033 1974 5092 ceptis
1998 5027 2335 5077 desumuntur.
2404 5021 2521 5088 (12)
2545 5021 2619 5073 lbi
2640 5021 2770 5071 enim
2801 5017 3009 5069 Achilles
3030 5030 3181 5080 quum
3205 5014 3390 5065 videret

87 5140 136 5178 ιο
164 5089 463 5198 ’Ἀντίλοχον
490 5111 616 5195 περὶ
644 5115 747 5172 τῶν
776 5110 1075 5194 δευτερείων
1108 5114 1201 5181 τ’ἤς
1224 5106 1571 5190 ἱπποδρομίας
1599 5112 1732 5190 ὁρῶν
1772 5094 1779 5116 ⁸
1821 5112 2090 5165 Menelaum
2132 5115 2181 5162 et
2221 5109 2526 5161 Antilochum
2562 5108 2625 5157 de
2661 5105 2897 5170 equestris
2930 5102 3144 5153 victoriae
3174 5098 3387 5153 secundo
