3709 5609
1540 8 1750 90 Ι-
1759 13 1767 29 Ι-

1770 35 1776 46 Ι

1562 66 1566 75 ι
1768 61 1772 67 .

1569 77 1574 86 ι
1725 81 1731 89 ι
1791 81 1810 88 ι.

1633 90 1637 100 ι

167 259 181 301 ⁴
354 208 356 223 ⁴
495 224 497 233 ’
787 226 1022 297 ranulam.

162 396 242 446 rum
251 376 458 444 criticorum
469 378 712 464 ,utMeziriaci
725 428 733 461 ,
746 371 878 444 Reiskii
890 425 899 462 ,
911 372 1190 470 Wyttenbacbii,
1206 376 1472 451 emendationes
1482 381 1645 481 plurima

161 482 345 558 codicibus
361 488 526 556 Parisinis
542 484 815 575 confirmantur,
828 510 918 583 quas
932 509 975 557 eo
992 484 1234 561 confidentius
1252 494 1411 590 recipere
1424 481 1644 593 poteramus.

209 600 652 697 Nonnunquamcodicum
662 604 1032 701 scriptura‚corrupta
1041 602 1188 699 quidem
1198 608 1286 703 ipsa,
1298 612 1392 680 viam
1403 624 1521 683 tamen
1530 638 1648 685 emen·

162 714 269 787 dandi
285 716 508 788 monstrabat
520 716 625 816 plane
643 714 819 787 diversam
835 714 880 786 ab
899 729 1042 813 recepta
1054 720 1253 814 antiquitus
1270 718 1441 810 lectione,
1461 748 1572 821 quam
1588 726 1649 799 de·

161 854 276 903 serere
286 829 341 902 vel
356 856 430 903 non
440 828 1056 931 poteramus,melioribusnondum
1069 836 1218 930 repertis
1229 886 1239 923 ‚
1250 834 1306 906 vel
1317 836 1441 936 religio
1452 855 1544 929 erat,
1561 840 1647 914 dum

161 945 342 1017 subitariis
358 950 512 1017 inventis
537 944 783 1017 diffideremus
799 960 855 1035 et,
879 943 1096 1017 instantibus
1115 951 1254 1045 operis,
1278 948 1323 1020 ad
1348 951 1505 1024 eundem
1529 954 1649 1027 locum

161 1060 231 1132 alio
247 1076 409 1160 tempore
427 1060 543 1132 redire
557 1085 632 1133 non
641 1060 776 1132 liceret.
794 1065 856 1132 Est
870 1063 978 1131 etiam
986 1060 1051 1131 ubi
1069 1060 1211 1160 vulgata
1226 1063 1413 1138 manifesto
1425 1091 1468 1140 ex
1483 1085 1649 1167 praestan·

164 1174 315 1245 tioribus
332 1172 433 1245 libris
445 1172 599 1245 fluxerit.
619 1177 785 1270 Denique
799 1170 917 1271 (quod
934 1180 1087 1247 maxime
1101 1180 1403 1277 circumspectum
1425 1180 1575 1256 reddere
1591 1184 1650 1256 de·

164 1288 285 1385 bebat)
295 1293 331 1358 in
346 1294 602 1386 antiquissimis
619 1287 787 1360 codicum
803 1301 1013 1360 nostrorum
1025 1296 1247 1389 apertissima
1263 1292 1567 1392 deprehendimus
1590 1324 1651 1372 au·

162 1403 259 1475 dacis
273 1405 559 1505 interpolationis
575 1408 768 1504 specimina
780 1456 791 1493 ,
802 1402 959 1504 plurima
969 1408 1006 1474 in
1018 1411 1069 1495 D,
1086 1411 1150 1503 qui
1166 1407 1402 1481 nihilominus
1410 1436 1511 1507 aeque
1520 1414 1652 1487 multas

163 1526 314 1593 servavit
323 1525 477 1593 sinceras
484 1525 678 1620 scripturas
688 1534 723 1590 et
733 1522 808 1590 siue
818 1516 961 1591 dubioa
972 1519 1165 1594 Plutarcho
1178 1519 1355 1620 prolectas
1368 1550 1376 1593 :
1389 1530 1560 1624 pauciora
1568 1546 1652 1601 sunt
1701 1562 1704 1565 ⁴

164 1644 198 1709 in
222 1644 261 1729 F,
275 1637 434 1735 ejusdem
447 1636 565 1708 sacculi
578 1634 714 1707 codice.
727 1632 1021 1733 interpolationis
1043 1638 1153 1733 igitur
1162 1635 1227 1707 ubi
1242 1641 1398 1735 suspicio
1409 1654 1501 1728 erat,
1517 1641 1573 1712 vel
1590 1641 1653 1714 ali-

165 1752 253 1852 quid
265 1750 502 1824 dubitationis
516 1748 810 1823 autincommodi
830 1753 867 1819 iu
882 1749 1048 1822 codicum
1062 1750 1235 1842 lectione,
1251 1776 1324 1823 non
1343 1758 1522 1826 movimus
1535 1756 1652 1856 vulga·

167 1887 249 1941 tarn.

209 1990 298 2056 Dure
311 2006 366 2053 res
376 1995 568 2081 supersunt
578 1984 615 2050 in
629 1980 764 2077 quibus
786 1994 910 2051 nostro
916 1978 1054 2077 judicio
1069 1982 1215 2050 minime
1224 1977 1453 2053 indulsimus.
1466 1988 1652 2076 Quaecum·

164 2102 299 2197 quein
325 2093 511 2168 codicibus
537 2096 703 2166 Parisinis
736 2092 792 2164 rel
819 2096 990 2167 omnibus
1018 2094 1073 2166 rel
1104 2093 1212 2166 bonis
1241 2095 1536 2195 quibuscumque
1575 2128 1648 2173 non

1 2307 21 2321 ..
164 2215 344 2312 leguntur,
365 2208 556 2307 eaubique
573 2212 675 2280 uncis
693 2205 732 2308 []
750 2206 970 2281 includenda
986 2212 1217 2280 curavimus:
1253 2210 1408 2308 proinde
1438 2212 1513 2284 haec
1530 2218 1649 2312 signa,

7 2347 17 2389 :‘
118 2413 120 2422 Ι
164 2330 244 2401 licet
254 2326 466 2428 plurimisin
479 2322 568 2396 locis
578 2328 730 2423 pessima
741 2323 953 2396 adsumenta
966 2339 1191 2424 notent,pro
1206 2328 1318 2396 critici
1329 2324 1480 2421 alicujus
1499 2325 1545 2398 de
1557 2331 1652 2421 νοθείᾳ

164 2441 340 2542 ejusmodi
350 2439 612 2513 vocabulorum
619 2438 758 2537 judicio
773 2439 905 2511 habere
918 2439 1005 2510 noli.
1026 2438 1083 2510 Ob
1099 2437 1170 2509 hoc
1188 2441 1394 2509 institutum
1410 2439 1538 2511 iisdem
1550 2446 1653 2514 uncis

4 2626 29 2641 ,,
164 2554 467 2631 circumdedimus
488 2579 568 2651 quae
578 2553 733 2626 editores
752 2567 788 2625 et
804 2569 941 2626 veteres
959 2570 995 2627 et
1010 2558 1094 2625 novi
1113 2558 1288 2624 sententia
1308 2551 1491 2651 flagitante
1504 2555 1549 2627 de
1568 2582 1652 2629 con-

19 2714 51 2737 -.·,
160 2674 298 2769 jectura
310 2670 530 2767 adjecerunt.
547 2668 747 2770 Duplicatis
762 2673 865 2742 uncis
877 2668 892 2751 [
906 2670 921 2753 ]
933 2674 1081 2759 utimur,
1098 2668 1244 2768 quando
1263 2666 1391 2740 lacuna
1409 2668 1579 2743 codicum
1593 2695 1653 2740 ex·

5 2792 8 2799 '
157 2773 294 2887 pietur.
321 2791 472 2857 Lacunm
483 2810 625 2885 semper
633 2811 675 2857 ex
683 2785 854 2883 pluribus
867 2792 1039 2859 asteriscis
1058 2799 1282 2858 noscuntur:
1305 2786 1653 2885 unr'asteriscz‘signi·

165 2906 273 2977 licant
290 2907 390 2975 initia
412 2906 623 3003 paginarum
637 2900 958 2975 Wechelianarum.
983 2899 1265 2999 [raruuhesium
1277 2898 1415 2998 signis(
1462 2900 1477 2997 )
1497 2900 1652 2997 denique

166 3022 365 3093 indicamus
390 3018 564 3091 vocabula
586 3022 714 3090 seriem
736 3018 931 3105 turbantia,
956 3040 1036 3112 quac
1071 3012 1224 3085 delenda
1242 3038 1318 3087 esse
1343 3014 1523 3104 videntur,
1553 3031 1653 3089 certe

167 3136 366 3209 omittenda
388 3151 472 3209 sunt
490 3140 584 3205 inter
603 3132 810 3232 legendum,
826 3131 914 3204 dum
934 3157 954 3203 a
973 3129 1066 3202 felici
1082 3132 1207 3201 critico
1227 3146 1410 3203 sanentur.
1431 3132 1547 3204 Multa
1562 3134 1653 3228 ejus·

169 3251 269 3323 modi
291 3256 328 3322 in
347 3251 460 3323 altero
479 3248 663 3321 volumine
680 3245 889 3318 reduximus
908 3250 1011 3318 tacite
1028 3270 1049 3316 a
1068 3243 1251 3343 prioribus
1268 3243 1395 3317 deleta.
1418 3235 1490 3318 Ubi
1513 3246 1651 3347 vulgari

167 3382 203 3437 et
215 3366 322 3439 solito
345 3391 413 3438 usu
433 3370 531 3464 signa
548 3363 608 3434 illa
628 3375 820 3457 ponantur,
843 3386 898 3431 res
920 3365 994 3459 ipsa
1017 3356 1221 3457 indicabit]

211 3486 266 3551 De
285 3480 515 3552 translatione
531 3477 654 3565 latina,
675 3500 784 3572 quam
801 3475 924 3547 multis
939 3480 976 3546 in
997 3474 1085 3547 locis
1103 3478 1344 3562 correximus,
1366 3472 1436 3546 hoc
1455 3474 1651 3547 tenendum

164 3612 229 3683 cst,
248 3595 474 3694 Xylandrum
504 3610 540 3666 et
569 3591 885 3691 Wyttenbachium
905 3595 941 3662 in
963 3595 1144 3689 corruptis
1172 3590 1335 3691 partibus
1367 3615 1441 3661 non
1471 3614 1553 3661 raro
1571 3610 1650 3661 suas

163 3726 225 3781 rut
243 3710 397 3781 aliorum
422 3710 648 3807 conjecturas
668 3711 900 3804 expressisse,
920 3733 1010 3805 quas
1031 3712 1068 3778 in
1087 3732 1199 3806 graeca
1219 3704 1390 3802 quidem,
1420 3705 1469 3778 ob
1494 3709 1647 3777 rationes

164 3846 270 3923 supra
287 3828 483 3924 expositas,
499 3826 657 3921 recipere
673 3846 746 3892 non
765 3835 985 3920 poteramus.
