3709 5609
36 210 97 743 ‘'W-'mv
42 184 45 190 ⁴

388 249 498 301 73⁴
1151 236 1806 296 ΣΥΜΠΟΣΙΑΚΩΝ
1865 236 2321 296 ΠΡΟΒΛΙΙΜ.
2390 240 2608 300 uitta.
2673 243 2739 310 Γ,
2784 246 2854 300 α’.

392 394 571 448 σματα
587 416 602 443 ,
633 367 772 428 κατὰ
790 365 886 439 τὴν
907 373 996 426 τοῦ
1021 364 1289 449 βαρὸάρου
1313 365 1507 449 φωνήν·
1540 371 1594 425 αἱ
1618 370 1662 426 δ’
1693 368 1966 449 αὐτοφυεῖς

390 457 548 541 χρόαι
588 454 679 516 καὶ
714 455 880 534 ὀσμαὶ
919 455 980 513 τὸ
1020 453 1205 535 ἀφελὲς
1243 453 1424 534 έχουσι
1465 453 1558 514 καὶ
1586 453 1838 536 καθαρὸν,
1874 454 1965 512 χαὶ
2006 478 2010 494 .

392 545 539 606 οὐδὲν
572 544 782 624 ὀπώρας
806 540 1124 625 διαφέρουσι.
1212 546 1272 619 (ι)
1305 542 1398 613 Μὴ
1424 542 1525 625 γὰρ
1551 541 1731 616 εὔηθες
1756 536 1825 623 ᾖ,
1848 540 1965 610 τοὺς

395 632 490 712 μὲν
530 631 732 713 χυμοὺς
771 632 1050 712 δρέπεσθαι
1087 630 1177 690 καὶ
1207 630 1491 690 ἀπολαύειν
1531 635 1625 703 τῆς
1653 630 1853 715 φύσεως
1883 631 1962 689 δι-

342 746 364 779 r.
393 721 609 794 δούσης,
639 719 806 798 ὀσμὰς
836 719 890 779 δὲ
918 720 1007 779 καὶ
1030 720 1217 799 χρόας,
1244 718 1305 787 ἃς
1327 710 1461 800 ὧραι
1486 717 1731 800 φέρουσι,
1764 718 1849 776 διὰ
1869 717 1964 789 τὴν

393 811 718 868 ἐπανθοῦσαν
749 805 937 879 ἡδονὴν
966 812 1133 865 ταῦτα
1163 807 1254 866 καὶ
1281 806 1437 887 χάριν
1467 806 1758 884 ἀτιμάζειν,
1790 804 1854 864 ἂν
1889 806 1963 882 μή

390 921 442 956 τι
462 897 689 979 χρεῶδες
712 895 894 964 ἔξωθεν
920 895 1050 954 ἄλλο
1074 895 1501 977 συνεπιφέρωσιν.
1586 896 1654 974 (ε)
1682 895 1840 972 Ἰἰμοί
1864 893 1964 974 γὰρ

393 985 519 1045 αὐτὸ
542 986 682 1045 δοκεῖ
699 983 1020 1060 τούναντίον,
1040 986 1083 1042 εἰ
1106 983 1268 1061 μηδὲν
1286 988 1319 1055 ἡ
1338 981 1490 1064 φύσις
1507 1028 1522 1055 ,
1547 987 1617 1050 ὡς
1639 985 1784 1059 ὑμεῖς
1805 1005 1935 1063 φατε
1950 1028 1963 1052 ,

391 1073 566 1152 μάτην
595 1072 883 1144 πεποίηκε,
910 1078 1079 1131 ταῦτα
1108 1077 1200 1143 τῆς
1228 1073 1414 1143 ἡδονῆς
1436 1075 1755 1142 πεποιῆσθαι
1783 1069 1964 1152 χάριν,

318 1181 363 1217 1⁰
391 1161 424 1220 ἃ
441 1208 456 1233 ,
487 1162 651 1239 μηδὲν
676 1162 808 1220 ἄλλο
830 1159 1094 1241 χρήσιμον
1125 1158 1341 1238 ἔχοντα,
1368 1157 1523 1237 μόνον
1545 1157 1836 1241 εὐφραίνειν
1867 1158 1964 1216 πέ-

392 1274 536 1334 φυκε.
621 1250 686 1329 (ο)
717 1249 918 1310 Σκόπει
947 1248 1029 1317 δὲ,
1062 1248 1141 1305 ὅτι
1164 1249 1269 1313 τοῖς
1292 1246 1565 1328 φυομένοις
1602 1245 1691 1305 καὶ
1725 1244 1961 1325 βλαστά·

389 1363 536 1401 νουσι
563 1337 630 1399 τὰ
661 1337 756 1417 μὲν
786 1337 986 1419 φύλλα,
1018 1336 1280 1418 σωτηρίας
1309 1334 1459 1394 ἕνεκα
1487 1339 1577 1394 τοῦ
1602 1339 1837 1414 καρποῦ,
1874 1331 1964 1392 καὶ

392 1429 532 1495 ὅπως
562 1426 649 1485 ὕπ’
683 1428 856 1484 αὐτῶν
883 1424 951 1482 τὰ
990 1422 1174 1504 δένδρα
1208 1422 1514 1500 θαλπόμενα
1555 1422 1646 1481 καὶ
1684 1420 1964 1502 ψυχόμενα

393 1515 618 1597 μετρίως
654 1513 786 1595 φέρῃ
816 1511 909 1579 τὰς
938 1510 1264 1589 μεταὸολὰς,
1306 1510 1512 1590 γέγονε·
1555 1515 1659 1570 τῶν
1708 1510 1750 1567 δ’
1797 1512 1964 1568 ἀνθῶν

317 1621 363 1661 ιο
391 1603 573 1683 ὄφελος
604 1598 749 1660 οὐδὲν
778 1598 1148 1676 ἐπιμενόντων,
1177 1596 1316 1669 πλὴν
1347 1597 1396 1657 εἴ
1422 1621 1475 1657 τι
1512 1596 1805 1679 χρωμένοις
1833 1601 1961 1673 ἡμῖν

392 1686 665 1771 ἐπιτερπὲς
684 1685 992 1768 ὀσφρέσθαι,
1010 1688 1100 1745 καὶ
1126 1688 1251 1745 ἰδεῖν
1270 1686 1369 1757 ἡδὺ
1385 1685 1609 1768 παρέχει
1625 1731 1640 1759 ,
1656 1681 1964 1763 θαυμαστὰς

396 1777 488 1837 μὲν
518 1775 685 1855 ὀσμὰς
728 1774 976 1857 ἀφιέντα,
1007 1775 1268 1833 ποικιλίαν
1307 1774 1350 1832 δ’
1391 1774 1677 1852 ἀμιμήτοις
1712 1771 1964 1853 χρώμασι

394 1867 485 1925 καὶ
512 1866 702 1946 βαφαῖς
730 1862 1061 1940 ἀνοιγόμενα.
1152 1866 1214 1939 (7)
1242 1862 1339 1922 Διὸ
1358 1866 1461 1921 τῶν
1486 1859 1579 1940 μὲν
1602 1860 1809 1945 φύλλων
1832 1862 1962 1918 ἀπο-

393 1952 685 2031 σπωμένων
715 1942 819 2011 οἶον
851 1953 998 2029 ἀλγεῖ
1027 1950 1116 2009 καὶ
1147 1950 1391 2010 δάκνεται
1419 1949 1487 2009 τὰ
1515 1949 1677 2032 φυτὰ,
1703 1948 1795 2008 καὶ
1820 1946 1963 2027 γίνε-

314 2062 366 2099 20
396 2066 486 2102 ται
505 2042 626 2122 περὶ
646 2038 781 2099 αὐτὰ
806 2038 980 2119 βλάὸη
1000 2063 1077 2107 τις
1097 2039 1330 2111 ἑλκώδης
1353 2039 1444 2098 καὶ
1465 2039 1684 2120 ψίλωσις
1703 2035 1960 2117 ἀπρεπής·

394 2126 483 2184 καὶ
499 2128 557 2186 οὗ
574 2126 762 2203 μόνης,
777 2131 846 2194 ὡς
862 2126 995 2186 ἔοικε
1010 2173 1024 2196 ,
1048 2126 1162 2186 κατ’
1181 2125 1550 2205 Ἐμπεδοκλέα
1563 2171 1578 2198 ,
1605 2153 1627 2178 n
1645 2129 1739 2197 τῆς
1768 2124 1964 2205 δάφνης

394 2218 498 2272 τῶν
523 2214 734 2297 φύλλων
762 2214 867 2274 ἀπὸ
892 2216 1121 2290 πάμπαν
1143 2215 1356 2296 ἔχεσθαι
1373 2213 1479 2297 χρὴ
1503 2242 1528 2267 ν
1546 2259 1561 2287 ,
1586 2211 1722 2273 ἀλλὰ
1747 2210 1838 2271 καὶ
1861 2214 1964 2268 τῶν

395 2302 570 2362 ἄλλων
618 2302 884 2384 φείδεσθαι
923 2304 1144 2385 δένδρων
1185 2303 1453 2377 ἁπάντων,
1494 2302 1585 2361 καὶ
1629 2301 1702 2379 μὴ
1745 2302 1963 2375 κοσμεῖν

392 2388 605 2457 ἑαυτοὺς
624 2398 740 2456 ταῖς
764 2389 972 2448 ἐκείνων
994 2389 1299 2467 ἀκοσμίαις,
1326 2389 1415 2472 βία
1438 2389 1530 2448 καὶ
1551 2386 1697 2468 παρὰ
1718 2386 1871 2468 φύσιν
1895 2385 1962 2444 τὰ

314 2501 365 2538 25
393 2479 565 2561 φύλλα
593 2479 865 2544 συλῶντας
894 2479 1085 2538 αὐτῶν.
1177 2480 1239 2555 (8)
1284 2482 1352 2538 Αἱ
1390 2476 1444 2536 δὲ
1474 2480 1577 2535 τῶν
1606 2479 1774 2534 ἀνθῶν
1806 2478 1963 2556 ἀφαι-

395 2564 559 2649 ρέσεις
580 2564 890 2646 τρυγήσεσιν
917 2564 1144 2637 ἐοίκασι,
1170 2565 1260 2623 καὶ
1293 2564 1612 2645 βλάπτουσιν
1636 2563 1801 2622 οὐδέν·
1825 2561 1965 2621 ἀλλὰ

393 2655 490 2713 κᾶν
523 2653 598 2732 μὴ
625 2652 767 2733 λάὸῃ
790 2677 867 2720 τις
896 2657 948 2712 ἐν
973 2653 1115 2733 ὥρα,
1145 2653 1430 2736 περιερῤύη
1458 2652 1808 2735 μαρανθέντα.
1894 2654 1958 2729 (9)

399 2742 656 2823 Καθάπερ
682 2732 768 2801 οὗν
795 2744 842 2800 οἱ
874 2741 1134 2823 βάρὸαροι
1157 2746 1260 2801 τῶν
1287 2742 1602 2827 θρεμμάτων
1631 2742 1740 2806 τοῖς
1766 2738 1963 2821 δέρμα-

397 2856 478 2892 σιν
504 2831 622 2891 ἀντὶ
648 2834 752 2889 τῶν
776 2829 925 2911 ἐρίων
950 2829 1348 2911 ἀμφιέννυνται,
1374 2830 1509 2890 οὕτω
1535 2853 1624 2909 μοι
1650 2830 1891 2889 δοκοῦσιν
1916 2832 1963 2887 οἱ

316 2947 368 2987 so
397 2922 599 3000 μᾶλλον
629 2924 689 2981 ἐκ
714 2924 820 2979 τῶν
849 2918 1077 3003 φύλλων,
1103 2919 1138 2992 ἢ
1163 2925 1265 2979 τῶν
1292 2924 1479 2995 ἀνθῶν,
1511 2920 1813 3001 ὑφαίνοντες
1845 2917 1964 2985 τοὺς

395 3009 677 3093 στεφάνους
712 3011 771 3067 οὗ
806 3006 944 3067 κατὰ
988 3007 1143 3086 λόγον
1180 3014 1412 3090 χρῆσθαι
1445 3013 1552 3076 τοῖς
1588 3013 1782 3091 φυτοῖς.
1874 3012 1960 3086 (ιιι)

397 3086 543 3176 Ἐγὼ
573 3095 667 3173 μὶν
700 3088 789 3155 οὖν
818 3101 984 3155 ταῦτα
1018 3097 1398 3176 συμὸάλλομαι
1425 3098 1542 3165 ταῖς
1573 3095 1963 3178 στεφανοπώλι-

396 3210 494 3245 σιν·
536 3188 594 3244 ού
633 3183 734 3266 γὰρ
773 3184 880 3261 εἰμὶ
926 3185 1320 3263 γραμματικὸς,
1355 3184 1479 3246 ὥστ’
1512 3184 1964 3263 ἀπομνημονεύειν

395 3272 728 3351 ποιημάτων,
753 3273 806 3330 ἂν
832 3262 905 3338 οἷς
927 3273 1044 3339 τοὺς
1063 3273 1320 3340 παλαιοὺς
1335 3273 1592 3355 ἱερονίκας
1607 3271 1964 3351 ἀναγινώσκο-

316 3388 366 3426 35
395 3385 489 3439 μεν
521 3364 739 3427 ἀνθινοῖς
764 3361 1143 3436 ἀναδουμένους
1174 3362 1461 3445 στεφάνοις·
1491 3360 1630 3433 πλὴν
1654 3359 1734 3419 ὅτι
1762 3385 1822 3440 γε
1852 3363 1965 3427 ταῖς

396 3448 634 3516 Μούσαις
657 3452 685 3506 ὁ
708 3450 812 3507 τῶν
837 3446 998 3528 ῥόδων
1022 3449 1271 3532 στέφανος
1292 3449 1736 3530 ἐπιπεφήμισται,
1760 3454 1962 3527 μεμνῆ-

395 3535 514 3595 σθαί
540 3559 630 3614 μοι
645 3537 783 3595 δοκῶ
806 3537 1056 3617 Σαπφοῦς
1078 3538 1358 3617 λεγούσης,
1381 3537 1509 3620 πρός
1531 3560 1648 3596 τινα
1667 3542 1769 3597 τῶν
1797 3537 1964 3617 ἀμού-

394 3649 498 3684 σων
528 3624 619 3684 καὶ
647 3627 864 3704 ἀμαθῶν
888 3628 1165 3702 γυναικῶν·

519 3751 821 3800 Κατθανοῖσα
846 3752 894 3800 δὲ
917 3752 1117 3800 κείσεαι·

517 3821 574 3870 οὐ
593 3821 682 3884 γὰρ
700 3821 906 3883 πεδέχεις
919 3821 1066 3884 ῥόδων

315 3908 367 3949 ⁴0
518 3896 613 3941 τῶν
637 3891 692 3941 ἐκ
716 3891 919 3955 Πιερίης·

397 3990 488 4069 (ιι)
528 3990 573 4047 εί
602 3987 659 4047 δέ
694 4012 810 4046 τινα
845 3987 935 4046 καὶ
973 3985 1197 4069 Τρύφων
1236 3987 1342 4047 ἀπὸ
1371 3992 1466 4061 τῆς
1503 3989 1741 4070 ἰατρικῆς
1783 3987 1962 4048 δίδωσι

399 4077 713 4160 μαρτυρίαν,
744 4077 1047 4137 ἀκουστέον.

477 4168 585 4225 lll.
633 4164 732 4225 Ἐκ
760 4161 945 4224 τούτου
975 4163 1252 4241 δεξάμενος
1279 4166 1307 4222 ὁ
1330 4163 1557 4247 Τρύφων
1580 4164 1669 4225 τὸν
1690 4164 1862 4243 λόγον,
1883 4169 1967 4225 οὖ-

397 4251 537 4317 δενὸς
561 4251 659 4333 ἔφη
690 4251 888 4312 τούτων
919 4252 1213 4319 ἀσκέπτους
1241 4251 1507 4330 γεγονέναι
1540 4251 1658 4319 τοὺς
1682 4251 1965 4324 παλαιοὺς,

317 4370 369 4409 45
399 4338 490 4398 ἅτε
522 4338 586 4411 δὴ
627 4340 844 4420 πλείστῃ
874 4340 1231 4421 κεχρημένους
1261 4340 1369 4400 ἀπὸ
1396 4343 1571 4424 φυτῶν
1610 4343 1837 4421 ἰατρικῇ·
1880 4364 1965 4399 τε·

397 4427 600 4510 κμήρια
622 4427 675 4486 δὲ
698 4428 807 4487 ἐστί
821 4452 934 4487 τινα
952 4430 1029 4487 ἔτι
1044 4434 1153 4489 νῦν.
1203 4430 1264 4507 (2)
1280 4430 1304 4454 *
1318 4429 1502 4510 Τύριοι
1519 4426 1614 4506 μὲν
1629 4428 1934 4509 Ἀγηνορίδῃ
1952 4473 1968 4501 ,

400 4517 678 4595 Μάγνητες
706 4516 759 4575 δὲ
786 4517 1046 4598 Χείρωνι,
1076 4521 1181 4584 τοῖς
1202 4515 1424 4599 πρώτοις
1451 4521 1721 4599 ἰατρεῦσαι
1749 4516 1968 4596 λεγομέ-

396 4629 527 4672 νοις,
560 4603 805 4686 ἀπαρχὰς
829 4605 1116 4682 κομίζουσι·
1152 4605 1285 4686 ῥίζαι
1319 4604 1422 4687 γάρ
1454 4607 1554 4664 εἶσι
1589 4602 1679 4663 καὶ
1723 4604 1968 4684 βοτάναι,

402 4693 465 4753 δι’
492 4682 564 4750 ὧν
599 4693 750 4752 ἰῶντο
778 4692 893 4758 τοὺς
934 4691 1244 4767 κάμνοντας.
1330 4696 1389 4769 (a)
1433 4691 1501 4752 ‘O
1540 4692 1594 4750 δὲ
1634 4691 1880 4759 Διόνυσος
1909 4694 1966 4751 οὐ

321 4814 373 4852 ω
402 4778 557 4858 μόνον
587 4783 661 4860 τῷ
690 4778 777 4838 τὸν
808 4770 940 4839 οἶνον
981 4788 1166 4860 εὑρεῖν,
1198 4778 1537 4860 ἰσχυρότατον
1568 4777 1849 4861 φάρμακον
1879 4780 1969 4839 καὶ

407 4866 630 4942 ἥδιστον,
656 4867 828 4950 ἰατρὸς
849 4867 1098 4945 ἐνομίσθη
1122 4866 1353 4948 μέτριος,
1379 4864 1518 4925 ἀλλὰ
1535 4866 1723 4949 καὶτῷ
1747 4868 1836 4927 τὸν
1854 4892 1968 4927 κιτ-

402 4956 489 5018 τὸν
518 4957 946 5038 ἀντιταττόμενον
978 4958 1212 5035 μάλιστα
1240 4960 1306 5038 τῇ
1328 4956 1547 5035 δυνάμει
1573 4954 1703 5037 πρὸς
1723 4956 1810 5017 τὸν
1835 4949 1909 5017 οἶν
1920 4981 1969 5019 ον

404 5051 476 5115 εἷς
502 5046 661 5127 τιμὴν
696 5055 1038 5128 προαγαγεῖν,
1076 5045 1165 5105 καὶ
1199 5049 1577 5129 στεφανοῦσθαι
1607 5044 1812 5115 διδάξαι
1853 5046 1969 5116 τοὺς

554 5462 586 5582 Εἷζΐ

607 5514 626 5572 μὴ

647 5520 692 5537 ’τ

2963 9 3011 48 γῆς,
3059 12 3090 22 -,
3144 11 3418 62 ’Ὶι“’,“.,ιι.,ι.·
3469 13 3654 59 επὶ·

3296 60 3301 70 ⁴
3513 61 3520 72 ¹
3590 65 3606 77 υ

3088 246 3211 322 (ote,
3242 267 3413 309 c—F.
3439 272 3530 323 cm,
3555 277 3578 314 Α

2007 429 2011 458 Ι
2053 375 2286 426 barbarus
2306 377 2384 428 ille
2398 378 2589 430 dicebat
2607 398 2621 444 ς
2645 389 2815 445 sponte
2830 387 2991 434 autem
3008 398 3097 435 sua
3116 388 3216 437 nati
3240 388 3426 440 colores
3444 396 3493 440 et
3507 393 3603 440 odo.

2052 486 2128 523 res
2148 473 2455 538 simplicitate
2484 478 2671 543 prxrditi
2691 484 2871 530 suntet
2895 482 3102 545 puritate
3119 520 3134 546 ,
3154 485 3372 551 nihilque
3393 487 3601 539 differunt

2008 609 2012 658 γ
2050 583 2079 618 a
2099 569 2317 633 stugibus
2339 573 2583 623 arborum.
2603 576 2668 638 (4)
2688 575 2966 627 verendum
2986 579 3114 628 enim
3135 594 3196 630 ne
3228 582 3434 633 stultum
3467 586 3524 634 sit
3543 602 3599 634 sa-

2052 679 2192 728 pores
2204 672 2373 719 natura
2386 670 2632 733 praebente
2641 672 2881 737 colligere,
2893 674 3045 740 iisque
3062 677 3157 728 frui
3176 692 3189 727 :
3206 677 3380 730 odores
3394 684 3550 731 autem
3565 689 3601 732 ei

2051 763 2237 813 colores
2256 764 2420 815 eadem
2440 767 2775 830 suppeditante
2790 808 2803 832 ‚
2816 770 2880 821 ob
2895 772 3177 834 elegantiam
3194 787 3251 825 ac
3264 775 3553 841 voluptatem
3567 779 3602 826 in

2007 845 2011 898 ἱ
2052 859 2108 909 iis
2131 861 2507 913 efflorescentem
2534 880 2779 929 spernere,
2800 869 2930 932 quod
2957 871 3137 921 nullam
3162 873 3305 923 aliam
3329 874 3604 924 extr-inmun

2052 957 2307 1008 utilitatem
2326 960 2543 1012 afferant.
2576 964 2642 1026 (5)
2658 964 2774 1014 Mihi
2794 965 2931 1029 plane
2944 970 3110 1019 contra
3132 969 3323 1020 videtur
3337 1008 3351 1033 ,
3367 971 3409 1021 si
3424 975 3601 1030 natum,

2051 1058 2203 1105 utros
2214 1055 2398 1120 dicitis,
2411 1058 2477 1108 nil
2490 1058 2665 1110 trustra
2678 1060 2805 1122 serit,
2821 1063 2924 1113 nme
2937 1066 3198 1130 voluptatis
3207 1080 3355 1117 causa
3366 1068 3489 1118 sacta
3498 1083 3600 1122 esso.

2048 1163 2159 1213 qum
2185 1152 2364 1202 nullam
2392 1153 2533 1204 aliam
2567 1155 2820 1207 utilitatem
2853 1158 3104 1222 habentia,
3140 1175 3235 1211 non
3264 1163 3358 1214 nisi
3389 1164 3603 1215 delectant

2050 1251 2266 1310 possunt.
2284 1249 2470 1313 (6)Jam
2492 1252 2586 1301 hoc
2602 1254 2864 1314 considera,
2886 1257 2944 1305 iis
2955 1272 3163 1320 quornm
3184 1260 3360 1324 stirpes
3373 1267 3495 1311 terra
3508 1277 3602 1311 con·

2050 1340 2325 1392 tinenturac
2342 1357 2452 1406 quae
2463 1346 2743 1409 germinant,
2760 1349 2871 1400 folia
2889 1349 3001 1401 data
3019 1366 3124 1403 esse
3134 1354 3197 1403 ob
3213 1357 3601 1406 conservationem

2050 1436 2261 1501 fructus,
2282 1443 2433 1505 utque
2473 1444 2668 1494 foveant
2708 1447 2924 1510 plantas,
2952 1462 3119 1513 eoeque
3139 1452 3203 1501 ita
3241 1452 3426 1504 tacilius
3451 1455 3604 1503 caloris

2050 1547 2105 1582 nc
2123 1534 2310 1598 frigoris
2328 1537 2684 1592 vicissitudines
2718 1543 2954 1607 perferant
2981 1560 2995 1595 ε
3019 1546 3157 1597 nores
3191 1547 3308 1597 dum
3343 1557 3603 1612 pennanent

2050 1630 2097 1679 iu
2118 1631 2300 1696 planta,
2324 1635 2506 1686 nuliam
2528 1638 2780 1688 utilitatem
2800 1638 2988 1699 afferre,
3008 1640 3099 1690 nisi
3111 1640 3241 1705 quod
3262 1643 3402 1694 nobis
3420 1643 3602 1694 odoratu

2049 1735 2132 1777 aut
2154 1729 2260 1779 visu
2280 1738 2393 1782 sunt
2407 1733 2627 1796 iucundi,
2658 1749 2807 1798 quum
2842 1744 2891 1787 et
2908 1736 3083 1787 odores
3117 1738 3361 1790 mirabiles
3392 1741 3545 1798 edant.
3563 1749 3604 1790 et

2048 1825 2325 1877 varietatem
2344 1829 2584 1881 coloribus
2603 1831 2920 1896 tincturisque
2949 1833 3315 1887 inimitabilihus
3346 1837 3600 1888 exhibeant.

2051 1924 2115 1985 (7)
2140 1926 2311 1988 ltaque
2334 1926 2461 1977 foliis
2482 1928 2665 1979 avulsis
2685 1930 2833 1980 vetuti
2859 1931 3024 1982 dolent
3044 1937 3095 1983 et
3121 1933 3401 1984 mordentur
3429 1936 3603 2000 plant-r,

2048 2024 2099 2069 et
2126 2021 2395 2075 ulcerosum
2432 2026 2492 2075 iis
2515 2025 2758 2090 quoddam
2789 2028 2962 2079 accidit
2985 2029 3326 2082 detrimentum
3343 2069 3357 2094 ,
3389 2047 3447 2084 ac
3472 2035 3601 2085 denu-

2048 2117 2179 2169 datio
2207 2120 2431 2172 indecora
2461 2137 2472 2172 :
2495 2128 2544 2173 et
2568 2137 2663 2175 non
2686 2129 2900 2188 tantum,
2927 2130 2981 2178 ut
3005 2127 3157 2178 voluit
3189 2130 3523 2197 Empedocles,

2156 2235 2358 2282 Omnino
2376 2235 2499 2283 toliis
2519 2236 2739 2284 debemus
2764 2251 2951 2296 parcere
2971 2242 3161 2299 palmoe3

2052 2341 2135 2392 sed
2154 2348 2204 2393 et
2222 2344 2419 2408 reliquls
2438 2346 2663 2396 omnibus
2682 2347 2953 2410 arboribus,
2971 2363 3128 2414 neque
3138 2364 3227 2401 nos
3245 2366 3418 2404 ormre
3435 2354 3605 2404 illarum

2049 2452 2161 2489 cum
2185 2439 2441 2501 dedecore,
2458 2444 2503 2492 vi
2522 2448 2569 2492 et
2584 2449 2751 2493 contra
2769 2449 2992 2497 naturam
3016 2446 3143 2497 soliis
3166 2461 3249 2498 eas
3269 2449 3527 2513 spoliando.
3545 2457 3603 2513 (8⁸

2051 2541 2112 2586 At
2133 2536 2259 2587 enim
2279 2537 2448 2588 ilorum
2471 2540 2701 2590 detractio
2722 2542 2976 2592 vindemiae
2994 2543 3187 2594 cuidam
3208 2547 3496 2609 estsimilis,
3518 2553 3605 2599 tan·

2052 2639 2249 2697 tumque
2266 2649 2294 2685 a
2312 2635 2528 2686 nocendo
2550 2637 2713 2699 abest,
2740 2644 2793 2688 ut
2824 2639 2856 2688 ii
2879 2640 3007 2690 ultro
3027 2648 3379 2695 marcescentes
3398 2644 3608 2696 decidant

2050 2731 2141 2781 nisi
2162 2732 2451 2796 tempestive
2468 2733 2741 2784 demantur.
2777 2737 2844 2797 (9)
2867 2736 3288 2794 Quemadmodum
3303 2754 3420 2804 ergo
3436 2742 3605 2793 barbari

2051 2828 2255 2891 pellibus
2290 2830 2475 2892 pecoris
2508 2830 2612 2881 loco
2648 2831 2771 2882 lanoe
2794 2833 3064 2883 vestiuntur
3104 2850 3116 2883 ι
3157 2836 3223 2887 ita
3247 2837 3364 2888 mibi
3399 2839 3607 2890 videntur

2049 2926 2174 2989 quie
2198 2926 2322 2977 soliis
2341 2928 2498 2991 potius
2518 2942 2663 2992 quam
2686 2929 2883 2981 iloribus
2902 2945 3101 2982 coronas
3122 2937 3321 2998 texunt,
3337 2935 3510 3001 plantis
3524 2952 3606 2986 non

2050 3024 2121 3072 uti
2156 3024 2494 3075 convenienter
2530 3026 2721 3076 rationi.
2789 3027 2885 3091 (ιο)
2928 3033 3083 3093 Atque
3116 3030 3241 3081 banc
3262 3044 3352 3096 ego
3387 3037 3606 3084 sertorum

2053 3119 2395 3172 venditricibus
2408 3122 2581 3186 stipem
2596 3124 2807 3174 consero.
2877 3128 2979 3175 Non
2996 3126 3124 3177 enim
3140 3140 3249 3178 sum
3264 3133 3606 3193 grammaticus.
3691 3122 3692 3162 ἶ

2051 3224 2107 3269 ut
2125 3220 2357 3270 memoria
2381 3220 2555 3271 referre
2575 3221 2756 3284 possim
2781 3222 2991 3273 carmina
3005 3260 3020 3286 ,
3040 3223 3219 3286 quibus
3239 3227 3509 3277 ostenditur
3527 3227 3603 3291 pri·

2052 3330 2161 3367 scos
2179 3330 2425 3367 sacrorum
2444 3318 2763 3369 certaminum
2784 3319 2990 3370 victores
3022 3321 3183 3372 iloreis
3205 3322 3456 3373 redimitos
3477 3325 3605 3373 iuissv
3689 3378 3690 3381 Ἴ

2052 3415 2219 3465 sertis:
2241 3416 2332 3466 nisi
2352 3416 2484 3480 quod
2502 3416 2655 3467 Musis
2667 3421 2995 3469 consecratam
3011 3419 3159 3470 fuisse
3179 3434 3367 3471 roseam
3379 3437 3604 3476 coronant,
3689 3395 3690 3407 γ

2054 3511 2248 3561 memini
2273 3525 2350 3562 me
2374 3512 2529 3575 legere
2559 3512 2607 3562 in
2626 3514 2898 3577 sapphonis
2920 3515 3157 3576 versibus,
3183 3517 3363 3579 quibus
3386 3518 3605 3569 indoctam
3687 3557 3688 3565 ,

2052 3609 2294 3672 quandam
2313 3609 2564 3661 mulierem
2583 3611 2652 3662 ita
2669 3612 2929 3675 alloquitur
2942 3649 2956 3674 ,

2160 3753 2262 3795 Non
2284 3750 2529 3796 laudabere
2548 3753 2732 3797 mortua
2757 3767 2768 3801 ι

2161 3830 2266 3864 nam
2291 3820 2451 3866 Plerlae
2475 3832 2590 3866 rosas

2159 3890 2204 3934 te
2224 3900 2316 3934 non
2336 3890 2614 3937 ambierunt.

2056 3999 2094 4060 (t
2111 3996 2151 4057 t)
2169 3996 2435 4047 Audiamus
2454 4002 2611 4047 tamen
2626 3999 2716 4059 ,an
2740 3998 2884 4048 etiam
2904 4011 2932 4047 a
2952 3997 3189 4049 medicina
3213 3999 3413 4052 floribus
3432 3999 3602 4066 aliquod

2051 4084 2380 4135 testimonium
2401 4086 2628 4148 'tryphon
2654 4086 2916 4148 perhibeat.

2116 4176 2204 4224 111.
2239 4171 2442 4224 Proinde
2474 4174 2700 4236 Tryphon
2729 4174 2775 4222 in
2810 4178 2970 4236 partes
2992 4173 3180 4225 dicendi
3204 4177 3494 4238 succedenS,
3525 4175 3600 4225 l‘ri·

2054 4263 2119 4312 sci
2136 4299 2150 4324 ,
2176 4262 2359 4325 inquit,
2387 4262 2557 4311 horum
2577 4261 2693 4311 nibil
2724 4261 3079 4312 inobservatum
3103 4262 3398 4326 reliquerunt
3421 4302 3436 4329 ,
3457 4268 3509 4314 ut
3536 4276 3601 4322 (μυ

2055 4348 2272 4412 plurimis
2292 4347 2561 4411 plantarum
2596 4348 2669 4396 usi
2694 4351 2854 4398 essent
2882 4348 3137 4410 remediis3
3162 4354 3211 4400 et
3243 4354 3436 4402 exstem
3463 4350 3601 4401 etiam·

2055 4449 2172 4486 num
2201 4439 2483 4498 argumenta
2506 4436 2590 4486 rei.
2658 4437 2726 4498 (2)
2755 4436 2885 4498 Tyrii
2917 4437 3046 4488 enim
3080 4437 3387 4500 Agenoridae,
3427 4432 3601 4490 Chimni

2054 4529 2297 4587 Magnetes
2325 4524 2559 4589 primitias
2580 4525 2816 4587 offerunt,
2850 4525 2979 4590 quod
3010 4526 3042 4575 ii
3071 4526 3211 4589 primi
3238 4526 3521 4577 medicinam
3551 4523 3598 4570 ie·

2054 4613 2178 4662 cisse
2204 4612 2576 4663 existimantur:
2599 4613 2783 4663 radices
2811 4615 2940 4664 enim
2963 4615 3235 4678 plmitarum
3262 4623 3425 4678 erant,
3446 4614 3599 4679 quibus

2056 4704 2259 4764 {egrotos
2277 4706 2584 4753 sanaverunt.
2650 4704 2717 4763 (3)
2736 4703 2948 4753 Bacchus
2968 4717 3112 4767 porro
3131 4717 3227 4753 non
3246 4718 3306 4755 eo
3330 4707 3511 4756 tantum
3534 4713 3596 4748 no·

2056 4791 2184 4841 mine
2206 4790 2423 4841 medicus
2457 4796 2532 4842 est
2574 4790 2791 4853 babitus,
2827 4792 2956 4854 quod
2980 4791 3147 4842 vinum
3178 4792 3390 4857 invenit,
3425 4788 3598 4843 medica·
3676 4758 3678 4860 1

2058 4885 2273 4929 mentum
2299 4879 2648 4930 validissimum
2673 4885 2722 4930 et
2742 4879 3110 4942 siinvissimum,
3132 4880 3218 4931 sed
3240 4882 3371 4946 quod
3398 4881 3595 4933 hederam

2057 4981 2251 5032 quoque
2279 4968 2505 5019 facultate
2541 4980 2630 5018 sua
2655 4968 2767 5017 vino
2799 4969 3005 5019 maxime
3028 4968 3325 5020 resistentem
3360 4972 3407 5020 in
3446 4971 3597 5020 bonon·

2058 5056 2324 5108 habendam
2345 5056 2539 5120 docuit,
2560 5070 2712 5122 enque
2736 5057 3023 5109 bacchantes
3041 5058 3312 5123 coronavit,
3336 5065 3388 5109 ut.
3410 5067 3557 5108 minus
3573 5058 3593 5089 a
