3709 5609
152 304 207 353 772

138 429 282 506 ἄνθρωπον,
298 424 356 481 οὐδὲ
370 427 417 479 τοῦ
429 423 481 502 ᾠοῦ
494 419 541 491 τὴν
553 423 714 500 ἀλεκτορίδα·
728 426 740 446 '
756 430 802 493 τῆς
816 424 838 479 δ’
852 423 916 479 ἀλε-
946 464 952 506 1

139 514 254 595 κτορίδος
273 510 303 569 τό
322 508 371 591 ᾠὸν
390 501 468 581 εἶναι,
484 509 573 569 καὶτὸ
593 510 697 591 σπέρμα
715 516 761 568 τοῦ
781 506 918 591 ἀνθρώπου
947 520 951 545 ’

139 602 261 682 λέγομεν,
287 604 322 666 ὡς
345 600 441 657 τούτων
461 596 647 675 ἐπιγινομένων
669 598 788 669 ἐκείνοις,
807 599 852 657 καὶ
872 596 920 669 τὴν

141 690 241 770 γένεσιν
256 690 282 745 ἐν
299 687 403 753 ἐκείνοις
421 686 617 763 λαμῦανόντων,
632 678 689 746 εἶτα
706 686 795 766 ὥσπερ
813 686 921 766 ὄφλημα

113 809 124 841 ε
142 785 176 859 τῇ
197 778 273 859 φύσει
290 775 338 846 τὴν
356 774 454 852 γένεσιν
476 774 659 833 ἀποδιδόντων.
703 777 732 853 (ι)
759 776 853 835 Ἐνδεᾶ
872 774 922 853 γοίρ

145 870 200 927 ἐστι
223 872 268 925 τοῦ
288 862 393 923 οἰκείου·
421 861 460 921 διδ
482 860 529 921 καί
546 862 684 943 βούλεσθαι
706 867 789 923 ποιεῖν
810 862 923 944 πέφυκεν

146 951 211 1015 ἀλλο
233 959 358 1027 τοιοῦτον,
381 942 434 1010 οἷον
463 940 495 1023 ἦν
519 949 545 1019 ἐξ
570 943 600 1009 οῦ
623 952 760 1032 ἀπεκρίθη.
802 954 858 1011 Καὶ
881 952 924 1011 τδν

147 1041 325 1125 σπερματικόν
345 1041 421 1120 λόγον
441 1040 583 1120 ὁρίζονται,
602 1039 676 1119 γόνον
699 1042 773 1098 ἐνδεᾶ
792 1040 925 1118 γενέσεως·

147 1134 229 1201 ἐνδεὲς
242 1129 269 1191 δέ
287 1129 360 1189 οὐδέν
373 1132 427 1189 ἐστι
440 1134 487 1188 τοῦ
500 1127 536 1205 μὴ
553 1125 708 1207 γενομένου,
722 1130 784 1205 μηδ’
801 1128 879 1195 ὄντος·
893 1126 926 1185 τδι

108 1230 131 1265 ¹²¹
149 1224 170 1281 δ’
188 1222 228 1303 ιξιά
244 1218 289 1279 καὶ
303 1218 457 1278 παντάπασι
475 1214 601 1296 βλέπεται
618 1215 757 1297 τὴνφύσιν
775 1214 868 1294 ἔχοντα
883 1218 929 1287 τῆς

69 1346 71 1354 v
150 1310 176 1369 ἔν
188 1332 239 1367 τινι
249 1305 307 1389 ζῴῳ
317 1306 418 1379 πήξεως
429 1304 475 1365 καὶ
487 1304 652 1379 συστοίσεως,
667 1304 783 1385 ὀργάνων
798 1327 826 1363 τε
841 1302 929 1362 τοιοό-

150 1422 201 1457 των
215 1396 262 1460 καί
276 1396 387 1474 ἀγγείων
399 1393 534 1471 δεομένην.
576 1396 607 1472 (ε)
623 1390 705 1455 Ὅθεν
721 1390 779 1450 οὐδὲ
795 1389 931 1471 ἱστόρηται

152 1485 257 1565 γηγενὲς
278 1485 338 1567 ᾠόν·
354 1483 484 1543 ἀλλὰκαὶ
500 1482 530 1542 τδ
550 1482 710 1564 Τυνδοίρειον
725 1484 748 1539 οἱ
762 1480 871 1552 ποιηταί
887 1479 932 1538 λέ-

153 1598 242 1653 γουσιν
265 1570 433 1653 οὐρανοπετὲς
456 1571 656 1651 ἀναφ[αν]ῆναι.
700 1572 730 1647 (ο)
753 1573 816 1650 Ζῷα
835 1569 858 1627 δ’
882 1569 932 1624 αὐ-

154 1665 247 1733 τοτελῆ
271 1660 317 1721 καί
340 1659 471 1741 ὁλόκληρα
494 1658 573 1740 μέχρι
597 1664 641 1717 νῦν
664 1657 818 1717 ἀναδίδωσιν
843 1662 860 1729 ἡ
883 1660 933 1735 γῆ,

18 1772 22 1807 ,·
64 1736 65 1739 ¹
117 1768 142 1805 lo
157 1757 206 1829 μῦς
233 1753 260 1809 ἐν
284 1749 424 1829 Αἰγύπτῳ,
449 1750 586 1827 πολλαχοῦ
611 1748 633 1805 δ’
657 1746 739 1829 ὄφεις,
766 1745 812 1803 καλ
836 1744 934 1825 βατρά-

61 1882 62 1885 “
157 1861 233 1915 χοῦς,
246 1837 292 1897 καὶ
301 1838 434 1911 ῖὲἳῖῑγας,
447 1838 530 1913 ἀρχῆς
543 1860 554 1893 ε
569 1841 632 1895 ωθεν
645 1835 733 1913 ἐτέρας
743 1834 789 1891 καί
800 1831 935 1908 δυνάμεως

154 1931 332 2017 ἐγγενομένης.
375 1927 421 1988 Ἐν
439 1927 468 1983 δέ
483 1921 592 2001 Σικελία
613 1916 673 1999 περὶ
690 1915 734 1975 τὸν
753 1910 871 1973 δουλικὸν
887 1908 937 2008 πάξ

154 1992 250 2095 λεμον,ι
264 2009 374 2089 αἵματος
389 2006 487 2066 πολλοῦ
504 2000 549 2060 καὶ
568 2002 664 2078 νεκρῶν
680 1993 786 2077 ἀτάφων
807 1996 834 2051 ἐν
855 2015 888 2071 τη
902 2014 937 2097 γη

33 2136 35 2143 ι
114 2130 140 2169 ει)
155 2100 370 2171 κατασαπέντων,
389 2098 486 2165 πλῆθος
504 2086 651 2149 ἀττελέόων
669 2083 809 2159 ἐξήνθησε,
832 2078 878 2140 καί
894 2102 937 2137 τον

154 2202 225 2257 σῖτον
242 2193 357 2271 ἐοθειρον
375 2186 511 2261 πανταχοῦ
528 2173 712 2241 σκεδασθέντες
733 2171 776 2231 ἐπὶ
788 2168 837 2242 τὴν
851 2173 937 2241 νῆσον.

157 2288 189 2365 (τ)
201 2254 294 2344 Ταῦτα
308 2274 393 2335 τοίνυν
408 2275 438 2331 ἐκ
451 2274 500 2348 γῆς
511 2266 603 2349 φύεται
615 2263 661 2323 καὶ
673 2260 809 2343 τρέφεται,
820 2257 866 2318 καί
878 2280 938 2337 τρο-

155 2379 204 2455 φῆς
215 2369 372 2452 περίσσωμα
383 2361 452 2421 ποιεῖ
464 2356 581 2435 γόνιμον,
598 2344 620 2435 ᾧ
633 2354 691 2411 καθ’
703 2348 798 2422 ήδονδις
809 2346 874 2429 πρὸς
888 2346 937 2405 ἄλ-

155 2463 225 2533 ληλα
245 2456 382 2540 τρέπεται,
403 2448 449 2507 καλ
468 2441 662 2520 συνδυαζόμενα
682 2444 715 2521 τῇ
741 2438 821 2516 μίξει,
835 2434 868 2496 τίι
890 2434 938 2515 μὲν

103 2552 142 2620 ἐς,
155 2549 287 2634 ᾠοτοκεῖν,
301 2543 335 2601 τδι
347 2542 374 2598 δὲ
386 2538 521 2619 ζῳοτοκεῖν
534 2532 644 2615 πέφυκε.
683 2532 714 2605 (ε)
730 2528 785 2587 Καὶ
795 2525 879 2607 τούτῳ
891 2524 941 2601 μά-

155 2642 233 2699 λιστα
250 2630 328 2701 δῆλόν
341 2632 420 2698 ἐστιν,
435 2622 475 2682 ότι
490 2620 538 2693 τὴν
551 2618 658 2700 πρώτην
670 2614 770 2694 γένεσιν
786 2618 815 2675 ἐκ
829 2618 876 2695 γῆς
886 2616 939 2673 λα-

67 2768 68 2771 ,
156 2726 252 2795 Ginai,
265 2718 323 2779 καθ’
336 2716 423 2797 ἕτερον
436 2708 532 2793 τρόπον
545 2709 597 2782 ἤδη
612 2706 658 2767 καὶ
672 2705 704 2764 δι’
717 2704 839 2776 ἀλλήλων
853 2707 938 2765 ποιεῖ-

156 2839 201 2874 ται
218 2810 265 2878 τὰς
283 2803 429 2871 τεκνώσεις.
478 2802 508 2878 (ο)
531 2795 651 2857 Καθόλου
670 2792 698 2853 δὲ
717 2792 806 2871 όμοιόν
827 2794 882 2851 ἐστι
902 2795 940 2873 τῷ

156 2902 252 2981 λεγειν,
267 2886 532 2977 cottianorum
548 2881 761 2989 μήτετιεζιονεγ·
796 2878 940 2987 Jssrllri

117 3018 144 3059 3,,
160 2990 248 3068 μήτρα
261 2984 324 3065 πρὸς
334 2982 364 3040 τό
372 2980 433 3063 ᾠὸν,
445 2976 512 3038 οῦτοι
521 2974 601 3033 πόλιν
610 2972 640 3031 τὸ
648 2973 698 3050 ιξνον
708 2994 770 3048 προς
779 2994 823 3027 τον
834 2993 941 3028 νεοσσιν

157 3050 270 3163 πέφυκε,
284 3071 410 3149 κυόμενον
423 3069 449 3127 ἐν
464 3067 533 3145 αὐτῷ
547 3060 593 3122 καλ
606 3058 793 3141 λοχευόμενον·
807 3055 874 3117 ὥστε
888 3080 942 3134 μη-

159 3167 199 3227 δὲν
219 3162 347 3245 διαφέρειν
365 3158 408 3217 τὸν
430 3156 618 3233 διαποροῦντα,
639 3151 695 3215 πῶς
708 3148 805 3230 ὄρνιθες
825 3144 942 3225 ἐγένοντο

160 3254 197 3333 μὴ
210 3249 355 3331 γενομένων
367 3248 435 3326 ᾠῶν,
444 3248 490 3301 τοῦ
501 3238 708 3316 πυνθανομένου,
720 3240 776 3303 πῶς
786 3235 875 3317 ἀνδρες
885 3234 941 3314 ἐγέ-

524 255 860 339 ννιιιιοῑιειειιιι·
889 274 1111 354 nnounnn.
1139 276 1247 336 oron..
1275 278 1315 351 n,
1336 273 1371 352 γ’.

1238 22 1241 30 ’
1315 0 1634 45 ὄιν-Γιέἵῖἱῗεῖἶι
1670 0 1773 40 ’,αηἸη
1822 6 1825 9 ⁴

1365 49 1372 61 4
1443 52 1446 54 Α

1567 21 1771 84 ”itii-‘151³‘
1820 42 1843 78 ”2

1560 234 1746 352 'lom—el

972 417 1012 465 ori
1024 416 1150 477 gallinam:
1163 416 1205 466 sod
1215 417 1298 464 contra
1307 428 1381 464 orum
1391 414 1498 477 gollinae,
1508 427 1589 463 semen
1599 413 1715 475 lromiurs,
1723 416 1753 464 di

971 512 1064 574 cimus;
1075 511 1139 575 quod
1152 511 1196 561 isio
1205 523 1236 559 cx
1244 511 1282 559 luis
1294 510 1355 569 sint,
1365 508 1475 573 inqueiis
1484 514 1622 571 nuscuntur,
1630 513 1753 570 ortumque

973 604 1060 655 deinde
1067 619 1139 654 suum
1151 610 1243 653 natium
1252 608 1368 667 tanquam
1378 602 1488 653 debitum
1498 602 1608 653 reddant.
1643 603 1677 665 (i)
1684 606 1754 653 Deest

973 699 1037 749 enim
1047 700 1078 748 its
1088 697 1153 761 quod
1164 698 1272 761 ipsorum
1284 701 1378 747 rralnrm
1390 700 1427 747 est
1438 698 1560 761 proprium
1573 712 1579 745 :
1595 698 1677 759 itaque
1691 710 1753 745 ειιε·

974 797 1028 842 tura
1037 791 1140 852 lubuit,
1150 794 1179 841 ut
1187 788 1279 853 aliquid
1286 792 1362 840 similo
1371 792 1436 854 eius,
1449 791 1513 840 unde
1522 794 1619 841 excreta
1627 796 1698 851 siml,
1708 792 1755 840 eilr-

974 898 1028 935 cere
1043 885 1120 934 velint
1132 898 1138 933 ι
1151 888 1177 933 et
1191 884 1334 933 seminalem
1346 884 1471 933 Rationem
1481 884 1612 945 deliniunt,
1624 884 1755 947 geniturum

974 982 1029 1027 ortu
1041 977 1188 1040 indigentem
1202 992 1208 1025 :
1221 977 1281 1025 nilril
1289 982 1370 1026 alitem
1380 991 1411 1027 eo
1425 977 1527 1041 indiget,
1538 978 1603 1041 quod
1619 979 1709 1027 nonsit
1719 992 1756 1025 nc·

975 1085 1023 1135 que
1040 1071 1166 1121 exstiterit.
1198 1074 1252 1119 our
1268 1072 1351 1119 nutem
1367 1070 1504 1132 planissime
1521 1070 1633 1120 videmus
1649 1075 1756 1121 naturam

976 1162 1064 1213 hebere
1075 1163 1201 1226 cujusdam
1213 1163 1238 1211 in
1249 1162 1346 1212 animali
1359 1163 1518 1213 concretionis
1529 1167 1555 1214 et
1571 1163 1693 1224 coitionis,
1704 1177 1757 1226 qun·

976 1256 1065 1307 talibus
1074 1257 1241 1307 iustrumentls
1256 1260 1282 1307 et
1296 1258 1361 1307 vasis
1372 1257 1485 1320 indigent.
1519 1257 1552 1321 (5)
1570 1258 1633 1307 ilinc
1646 1259 1758 1320 estquod

977 1350 1069 1401 nullnrn
1078 1363 1152 1400 orum
1162 1357 1249 1401 eterra
1259 1350 1352 1401 editum
1364 1353 1510 1401 memoratur
1523 1366 1530 1400 :
1542 1356 1616 1415 utque
1629 1351 1686 1401 illud
1699 1355 1750 1413 'srn

977 1442 1076 1493 dnreum
1086 1443 1117 1493 de
1125 1441 1187 1494 ooelo
1197 1443 1321 1507 delapsum
1333 1446 1411 1509 poetic
1421 1444 1565 1494 fabulantur.
1599 1444 1633 1507 (6)
1646 1445 1760 1495 Animalia

978 1540 1059 1586 nutem
1070 1536 1178 1599 perlecta
1188 1539 1213 1585 el
1229 1538 1321 1600 integra
1332 1536 1453 1601 hodieque
1464 1542 1528 1587 terro
1544 1538 1620 1600 parit3
1638 1552 1720 1589 mures
1736 1541 1759 1588 in

979 1630 1096 1692 AEgypto,
1105 1628 1193 1691 possim
1204 1632 1329 1693 serpentes
1339 1635 1363 1679 et
1375 1643 1446 1680 runos
1456 1636 1481 1681 et
1496 1629 1602 1690 cicadas,
1613 1632 1761 1681 extrinsecus

978 1722 1025 1771 olio
1036 1722 1153 1785 principio
1161 1723 1254 1785 elinque
1262 1724 1286 1771 vi
1296 1722 1427 1772 occidente.
1461 1723 1495 1786 (7)
1504 1724 1619 1774 lusloilia
1627 1725 1760 1774 autemut

979 1814 1066 1864 servile
1077 1814 1181 1874 bellum,
1193 1828 1269 1878 quum
1278 1816 1401 1877 sanguinis
1414 1816 1517 1865 multum
1529 1818 1555 1866 et
1566 1817 1684 1880 insepulto
1694 1817 1760 1866 eadn-

980 1920 1037 1957 rern
1047 1909 1250 1972 computruissent
1259 1911 1283 1959 iu
1294 1914 1372 1969 terro,
1384 1910 1453 1973 eopia
1462 1908 1610 1960 bruchorum
1620 1911 1712 1974 erupit,
1720 1911 1760 1980 qni

979 2014 1023 2064 per
1031 2003 1107 2050 totam
1117 2001 1219 2064 dispersi
1229 2002 1486 2053 insulumlrnmcutum
1496 2004 1585 2067 ubique
1594 2010 1760 2067 corruperunt.

981 2094 1015 2157 (o)
1027 2096 1085 2145 lime
1093 2108 1149 2157 ergo
1160 2108 1174 2143 e
1186 2097 1249 2144 tem
1258 2101 1389 2145 nuscuntur
1399 2103 1424 2146 et
1432 2096 1537 2157 nlrrntur,
1548 2103 1574 2147 et
1591 2098 1720 2159 genitabile
1730 2100 1762 2149 la·

980 2187 1048 2237 ciunt
1058 2187 1105 2237 cibi
1117 2186 1242 2237 obtrudens
1253 2194 1448 2249 excrementum,
1460 2204 1510 2253 quo
1526 2191 1655 2241 incitantur
1671 2192 1702 2241 nd
1713 2206 1763 2240 mn-

981 2281 1049 2330 tnam
1062 2280 1163 2330 inuicem
1173 2280 1335 2344 voluptutem,
1346 2296 1394 2345 qua
1412 2297 1486 2333 unum
1499 2296 1555 2333 cum
1568 2284 1645 2335 allero
1656 2286 1763 2334 coitari·

983 2376 1043 2435 nial,
1056 2378 1081 2423 et
1094 2389 1181 2439 corpus
1192 2376 1289 2437 miscel;
1306 2376 1408 2439 indeque
1423 2378 1469 2427 ulia
1480 2392 1539 2439 ora,
1550 2380 1597 2429 ulia
1607 2378 1677 2429 viros
1688 2379 1762 2429 edunt

981 2476 1052 2536 partu
1065 2472 1145 2523 lmtus.
1180 2474 1213 2537 (9)
1230 2478 1314 2539 quue
1325 2476 1429 2525 maxime
1443 2476 1518 2539 liquet
1527 2478 1664 2529 animaliae
1679 2478 1764 2529 tellum

981 2570 1035 2615 ortn
1042 2566 1148 2628 primurn
1157 2602 1164 2627 ‚
1172 2566 1222 2627 lam
1233 2580 1306 2631 porro
1317 2568 1364 2617 allo
1376 2569 1481 2620 modoet
1494 2570 1596 2621 invicem
1607 2571 1716 2624 coeundo
1728 2586 1764 2622 so·

983 2662 1063 2712 ltolem
1072 2676 1210 2727 propagare.
1243 2665 1352 2729 Denique
1363 2670 1414 2716 totu
1427 2667 1480 2716 lrmc
1489 2669 1592 2731 qumstio
1600 2669 1657 2719 tulis
1675 2675 1725 2730 est,
1737 2684 1766 2720 ac

983 2761 1002 2808 sl
1010 2759 1076 2810 dicus
1082 2760 1489 2813 matricemiuissesntemulierem.
1496 2764 1634 2815 sicutenim
1642 2767 1728 2816 motnx
1735 2767 1767 2816 ad

983 2857 1307 2919 orum,itooernrsusornm
1316 2859 1520 2924 lrabetndpullnm
1526 2862 1769 2927 quiinoooonoeptus

913 2969 919 2985 ι
984 2954 1015 3003 nd
1024 2959 1119 3017 partum
1129 2958 1264 3006 reservatur
1275 2972 1282 3005 ι
1295 2958 1324 3006 ut
1332 2958 1391 3007 nillil
1404 2959 1455 3020 jam
1464 2958 1559 3010 dlllerut
1567 2960 1698 3023 dispiciens
1710 2976 1767 3025 quo·

985 3049 1058 3099 modo
1070 3051 1164 3112 gellium
1175 3054 1230 3102 aute
1239 3064 1284 3101 ονε
1294 3053 1394 3115 inerint,
1404 3055 1435 3104 ab
1444 3069 1474 3105 eo
1483 3056 1524 3119 qni
1534 3057 1638 3120 inquirat
1645 3060 1769 3121 quomodo

985 3160 1063 3197 mures
1073 3152 1097 3197 el
1109 3148 1204 3199 leminm
1217 3151 1366 3213 exstiterint,
1379 3152 1517 3216 prinsquam
1529 3168 1603 3219 penes
1611 3159 1737 3209 exsturont
1745 3164 1770 3209 ot
1851 3149 1853 3156 ’

984 3245 1073 3295 νυΙιεε.
1106 3246 1770 3315 (lo)Etveroplermquepartiumunncumtotissubsi·

159 3365 232 3401 νοντο
248 3338 293 3397 καί
306 3339 439 3416 γυναῖκες,
452 3330 513 3413 πρὶν
528 3329 614 3386 αἷδοῖα
630 3324 748 3404 γενέσθαι
765 3324 810 3383 καί
829 3323 940 3405 μήτρας.
984 3343 1200 3403 stunt,tucultates
1207 3346 1771 3409 partibusinlrae1·ent,octionesfacultatibusco

120 3454 146 3494 sn
162 3432 205 3509 (ιο)
228 3424 323 3488 Καίτοι
337 3426 388 3481 τῶν
405 3423 490 3501 μερῶν
503 3414 538 3476 τδι
556 3416 669 3475 πλεῖστα
685 3411 873 3493 συνυφίσταται
889 3412 942 3478 τοῖς

985 3440 1109 3501 mitantur,
1120 3440 1205 3492 ellectu
1216 3443 1351 3495 actionibus
1362 3460 1368 3494 ι
1379 3446 1492 3497 ellectum
1501 3453 1582 3498 nutem
1590 3450 1710 3502 facultatis
1719 3466 1771 3515 pro

160 3518 242 3585 δ’λοιτ·
258 3518 285 3575 ol
305 3512 332 3573 δὲ
346 3510 468 3587 &Ultimi
487 3503 646 3583 ἐπιγίνονται
659 3506 713 3571 τοῖς
733 3500 851 3583 μέθεσθ’)
870 3503 898 3559 αἱ
919 3500 942 3559 δ’
984 3538 1112 3600 generandi
1121 3540 1503 3603 partiumndlrocdertlnaturum
1512 3548 1771 3602 estsemenetovum:

161 3606 288 3687 ἐνέργειαι
298 3602 356 3667 ταῖς
367 3597 505 3676 δυνάμεσι,
514 3592 548 3652 τδι
559 3594 581 3650 δ’
592 3590 794 3669 ἀποτελέσματα
807 3598 864 3656 ταῖς
876 3592 943 3671 ἐνερ-

162 3694 255 3773 γείαις·
271 3689 438 3765 ἀποτέλεσμα
453 3684 481 3743 δὲ
492 3688 538 3754 τῆς
551 3686 702 3761 γεννητικῆς
715 3684 766 3739 τῶν
785 3677 881 3760 μορίων
895 3681 942 3737 δυ-

162 3782 277 3861 νάμεως,
292 3778 322 3839 τὸ
338 3774 460 3856 σπέρμα,
475 3771 520 3832 καί
537 3770 567 3828 τὸ
582 3768 645 3850 ᾠόν·
668 3766 736 3828 ὥστε
750 3772 796 3839 τῆς
809 3771 862 3827 τῶν
875 3765 943 3825 ὅλων

123 3892 149 3931 lo
162 3871 331 3945 καθυστερεῖν
353 3864 486 3945 γενέσεως.
534 3858 594 3937 (11)
622 3856 721 3917 Σκόπει
750 3854 791 3928 δὲ,
815 3854 867 3933 μὴ,
891 3878 944 3913 κα-

164 3958 246 4038 θάπερ
266 3958 296 4015 οὗ
318 3950 425 4013 δυνατόν
447 3949 502 4006 ἐστι
523 3945 601 4025 πέψιν
623 3949 720 4025 τροφῆς
744 3934 823 4017 εἶναι,
844 3942 905 4025 πρίν
926 3943 944 4015 ἢ

163 4045 281 4126 γενέσθαι
295 4044 369 4123 ζῷον,
387 4036 469 4104 οὕτως
482 4034 535 4093 οὐδ’
550 4034 601 4115 ᾠὸν
614 4032 673 4091 οὐδὲ
692 4030 813 4113 σπέρμα·
834 4031 880 4089 καλ
893 4030 945 4112 γὰρ

163 4142 247 4193 ταῦτα
262 4130 296 4190 πέ
318 4127 357 4189 εσί
372 4150 425 4185 τισι
437 4123 482 4185 καί
498 4122 657 4201 μεταόολαῖς
673 4120 835 4199 ἐπιγενέσθαι
850 4118 945 4178 ἔοικεν·

163 4222 208 4281 καλ
220 4222 270 4299 οὐχ
283 4134 335 4277 οίόν
347 4241 388 4289 τε,
400 4215 461 4296 πρὶν
475 4212 492 4285 ἢ
505 4210 624 4292 γενέσθαι
637 4214 711 4293 ζῷον,
725 4208 794 4291 ἔχειν
808 4205 873 4289 ζῴου
885 4232 946 4289 τρο-

985 3638 1013 3686 ut
1022 3638 1120 3689 omniuo
1131 3650 1228 3688 neeesse
1237 3640 1268 3688 sit
1279 3640 1332 3691 limo
1340 3642 1416 3691 totius
1433 3646 1515 3692 ortum
1526 3650 1633 3707 tempore
1645 3646 1771 3711 subsequi.

987 3732 1037 3794 (ll)
1049 3733 1098 3783 sod
1109 3739 1133 3783 et
1143 3734 1189 3785 lloe
1198 3737 1332 3799 perpende,
1344 3752 1374 3787 an
1386 3752 1447 3800 non,
1459 3741 1521 3791 siout
1529 3743 1653 3793 oonoootio
1663 3744 1774 3796 alimenti

987 3827 1053 3879 nullu
1059 3829 1110 3880 sreri
1116 3835 1197 3893 potest
1202 3832 1310 3883 nondum
1320 3839 1377 3885 nuto
1384 3837 1481 3886 animali
1487 3874 1495 3898 ,
1502 3838 1536 3887 ilc
1545 3852 1576 3889 ue
1581 3853 1665 3891 semen
1673 3843 1773 3906 quidem

988 3926 1077 3989 possit,
1087 3930 1129 3977 out
1137 3940 1211 3977 orum
1223 3931 1327 3980 :etenim
1336 3932 1389 3983 limo
1395 3934 1589 3986 couooctlonibus
1596 3938 1742 4001 quibusdam
1750 3946 1775 3991 et

988 4022 1163 4073 mutationibus
1171 4024 1255 4075 conlioi
1265 4030 1365 4090 apparet
1374 4043 1381 4077 :
1390 4042 1470 4092 neque
1480 4026 1531 4079 lieri
1541 4030 1671 4083 ullomodo
1680 4036 1773 4096 polest,

989 4120 1772 4181 utnlimentialoundnntinmnaturanondumnatounimalihubent.

990 4217 1038 4281 (ιν)
1051 4220 1163 4269 ceterum
1175 4233 1257 4270 semen
1271 4228 1392 4285 utcunque
1402 4223 1511 4287 principii
1520 4230 1631 4275 naturam
1640 4228 1687 4277 sibi
1699 4229 1775 4279 rindi·

124 4346 150 4385 ts
164 4316 214 4393 φῆς
234 4306 388 4388 περίττωμα
407 4302 455 4376 clv
478 4300 564 4385 φύσιν.
623 4302 666 4379 (ιε)
689 4302 729 4361 Οὐ
751 4297 804 4377 μὴν
827 4296 896 4355 ἀλλὰ
916 4296 946 4356 τὸ
988 4318 1774 4397 mt;orumobliuereprincipiiralionemnonpotest3nonenim

165 4397 272 4479 σπέρμα
287 4392 335 4473 μέν
353 4390 517 4471 ἀμοοσγέπως
534 4393 619 4473 ἀρχῆς
634 4411 702 4455 τινος
717 4389 902 4459 ἀντιποιεῖται,
917 4385 947 4445 τό

990 4414 1096 4477 primum
1107 4415 1231 4476 subsistit;
1244 4430 1322 4481 neque
1333 4418 1409 4469 totius
1417 4419 1508 4469 oblinet
1519 4425 1645 4481 naturam,
1656 4437 1735 4486 quum
1745 4426 1776 4474 sit

166 4488 187 4545 δ’
202 4484 253 4567 ᾠὸν
269 4481 322 4542 Οὗῦ
336 4482 420 4561 ἀρχῆς
435 4479 489 4559 ἔχει
502 4479 589 4557 λόίθνι
605 4480 634 4537 θ’)
648 4474 699 4555 iffi?
714 4475 854 4557 ὖθίσῗαῗαῑ
872 4479 947 4557 πέῶ·
990 4511 1166 4575 imperlectum.
1201 4514 1250 4576 (13)
1267 4517 1352 4578 ltaque
1367 4514 1458 4579 absque
1473 4516 1593 4581 principio
1608 4519 1697 4571 onium
1708 4522 1775 4571 nasci

166 4599 225 4635 τον·
245 4571 305 4633 οὔτε
320 4568 380 4629 ὅλου
397 4569 484 4651 φύσιν,
505 4566 596 4634 ἀτελὲς
607 4564 659 4647 γοίρ
678 4568 757 4624 ἐστιν.
800 4566 843 4643 (ιε)
865 4563 948 4627 Ὅθεν

167 4665 250 4741 ἀρχῆς
268 4658 315 4738 μὲν
330 4658 390 4717 ἄνευ
404 4656 537 4736 γεγονέναι
551 4659 616 4735 ζῷον
635 4656 664 4714 οὐ
684 4652 804 4732 λέγομεν,
825 4653 910 4735 ἀρχὴν
925 4658 948 4714 δ’

127 4784 154 4824 ω
168 4742 234 4809 εἶναι
251 4745 402 4830 ζῳογονίας,
422 4744 464 4827 ὑφ’
475 4736 506 4815 ἧς
525 4747 628 4823 πρῶτον
642 4747 659 4815 ἡ
677 4742 727 4814 θλη
747 4740 889 4819 μετέόαλε,
904 4744 949 4802 δυ·

167 4836 271 4916 νοίμεως
283 4832 376 4918 κρᾶσίν
394 4857 453 4893 τινα
465 4831 510 4894 καλ
524 4830 593 4909 μῖξιν
606 4829 815 4912 ἐνεργασαμένης
828 4829 949 4910 γόνιμον·

991 4624 1040 4661 non
1051 4610 1168 4671 dicimus;
1181 4612 1224 4661 sed
1233 4612 1376 4676 principium
1387 4612 1435 4662 viri
1444 4614 1517 4664 lmtus
1525 4614 1611 4665 edendi
1622 4629 1691 4679 esse,
1699 4632 1775 4681 quum

992 4709 1186 4771 lucullus,nq1m
1197 4709 1303 4773 primum
1313 4712 1405 4760 mutata
1416 4709 1486 4761 luerit
1495 4712 1621 4771 materies,
1631 4712 1712 4765 eidem
1722 4719 1784 4765 tem-

992 4808 1082 4873 periem
1095 4807 1216 4870 quendum
1225 4809 1251 4857 et
1259 4806 1399 4858 mixtionem
1411 4808 1531 4859 lmtillenm
1540 4810 1661 4860 indiderit.
1694 4815 1776 4863 ovurn

167 4925 198 4985 τδ
210 4924 232 4984 δ’
244 4923 295 4983 ὅιδν
314 4921 475 5002 ἐπιγέννημα
489 4911 569 4993 εἶναι,
584 4918 704 5000 καθάπερ
724 4916 754 4978 τό
774 4910 842 4997 αἷμα
855 4919 901 4979 καί
919 4920 950 4979 τδ
992 4920 1077 4971 P⁰¹T⁰²
1086 4905 1169 4955 itidem
1180 4905 1358 4969 mmmmm
1372 4911 1398 4957 εἰ
1412 4906 1461 4966 '⁸⁰’
1473 4920 1529 4957 ⁸⁵⁸⁰
1538 4920 1569 4957 ⁶¹
1580 4921 1664 4957 ‘⁰¹⁰⁰'
1675 4923 1777 4961 numm

167 4982 310 5085 νάλαρτοῦ
329 5008 395 5094 ζῴου
409 5008 476 5089 μετὰ
487 5008 585 5093 τροφὴν
599 5008 645 5067 κα,
657 5008 745 5090 πέψιν.
787 5009 831 5086 γη)
847 5010 887 5069 Οὐ
899 5006 951 5091 γὰρ
992 5004 1150 5066 qnaeanimali
1157 5004 1375 5067 postjnutritionem
1384 5006 1409 5056 et
1418 5004 1596 5055 concoctionem
1603 5018 1778 5069 supernnscun.

168 5066 255 5161 διπται
273 5099 457 5181 συνιστάμενον
478 5100 528 5182 ᾠόν
548 5100 578 5157 ἐκ
596 5103 643 5171 τῆς
661 5096 743 5172 ἰλύος,
761 5096 820 5155 ἀλλ’
838 5099 864 5155 ἐν
879 5097 950 5178 μόνῳ
968 5093 974 5149 l
993 5104 1041 5150 tur.
1058 5101 1108 5164 (ll)
1117 5104 1244 5165 Nunquam
1251 5100 1315 5151 enlm
1322 5101 1401 5150 visum
1409 5106 1534 5163 eslovutss,
1541 5101 1706 5166 quodeooeno
1713 5112 1777 5159 osset
