3709 5609
17 4932 103 5457 'tl

142 4414 189 4452 4!-
212 4399 458 4481 διαφέρει,
478 4398 574 4470 τὴν
606 4397 938 4479 ἀμεριμνίαν.

225 250 353 302 42:22,
381 250 541 290 ιι--Ρ,
565 250 673 298 ene,
701 234 777 298 Α.)

285 362 417 406 Ἐστι
445 358 597 414 [bil-22
617 362 701 422 ’πρ-ξι
725 362 897 406 Ῑῖὺὶιειιυ
913 394 929 418 ,
953 362 1101 414 lli-3³2:
1121 374 1173 418 γε
1197 362 1281 422 μέν
1305 362 1401 410 ἐστι
1421 362 1501 410 καὶ
1525 362 1677 418 fille?

217 470 535 551 λεχθήσεται
559 471 614 529 δὲ
637 469 766 552 πρὸς
784 469 903 537 τοὺς
926 470 1218 537 δανειστάς·

277 603 417 651 Ἔστι
440 599 576 658 τόκος
593 601 683 666 πρὸ
701 599 861 650 τόκοιο
874 637 889 661 ,
911 600 1048 656 τόκος
1069 616 1124 663 γε
1142 601 1225 664 μέν
1242 601 1340 649 ἐστι
1363 602 1443 649 καὶ
1465 601 1617 658 amoc.

1229 234 1333 290 fil:
1381 234 1785 290 ²⁸³leanth
1837 238 2034 294 AERE
2086 242 2434 298 Atalmo.

3282 266 3378 310 llll
3402 266 3414 310 l

1982 374 2054 418 Est
2078 374 2218 429 meus
2242 378 2346 418 auls.-
2374 378 2562 432 Pylum,
2586 378 2726 434 Pylas
2750 382 2890 435 atquc
2914 382 3030 426 nlius
3058 389 3204 428 lumen
3230 390 3406 432 exstatf

1868 486 1916 535 in
1936 487 2267 539 foeneratorem
2290 498 2451 541 autem
2476 496 2604 543 recte
2622 493 2694 542 sic
2714 496 2937 557 torseriS,

1975 611 2141 656 Foenus
2161 613 2381 668 praecedit
2400 613 2566 669 smnus,
2585 619 2796 672 superest
2813 628 3001 674 quoque
3024 618 3190 666 l'oenus.

216 711 296 788 (2)
329 701 471 770 Εἶτα
512 714 617 769 τῶν
659 733 762 791 <1²⁰⁶
767 713 891 768 ῑκῶν
918 708 1085 780 δήπου
1127 711 1484 787 ›totta-{smum
1524 708 1780 789 λεγόντων
1869 730 1938 793 (2)
1960 735 2019 781 Et
2038 732 2196 783 rident
2214 735 2413 798 proinde
2429 737 2510 787 isti
2531 738 2778 801 physicos,
2800 741 2882 802 qui
2897 755 2955 791 ex
2976 755 3043 791 ex
3060 755 3144 799 eo,
3163 745 3306 808 quod
3325 759 3424 795 non

161 830 187 866 ὓ
217 799 385 878 μηδὲν
415 802 477 857 ἐκ
499 805 590 858 τοῦ
630 799 704 877 μὴ
744 798 885 867 ὄντος
910 797 1174 878 γενέσθαι·
1198 796 1344 880 παρὰ
1371 796 1569 866 τούτοις
1596 797 1697 878 γὰρ
1723 801 1783 857 ἐκ

211 895 305 947 τοῦ
338 889 464 965 μηδ’
495 887 568 947 ἔτ’
604 887 772 959 ὄντος,
811 886 945 965 μηδὲ
973 890 1290 968 ὑφεστῶτος,
1327 895 1570 965 γεννᾶται
1607 885 1779 954 τόκος·

212 978 305 1036 καὶ
340 976 405 1035 τὸ
430 977 670 1035 τελωνεῖν
698 976 888 1043 ὄνειδος
922 980 1199 1054 ἡγοῦνται,
1225 979 1318 1034 τοῦ
1344 973 1506 1052 νόμου
1532 972 1781 1042 διδόντος·

211 1063 369 1126 αὐτοὶ
394 1065 718 1148 παρανόμως
754 1065 1041 1132 δανείζουσι
1073 1067 1439 1136 τελωνοῦντες,
1470 1064 1670 1142 μᾶλλον
1698 1061 1779 1134 δὲ,

213 1159 258 1214 εἰ
283 1156 367 1213 δεῖ
386 1152 611 1226 τάληθὲς
642 1155 824 1226 εἰπεῖν,
846 1155 900 1211 ἐν
923 1156 998 1232 τῷ
1022 1152 1268 1221 δανείζειν
1289 1156 1734 1234 χρεωκοποῦντες·
1754 1151 1783 1212 ὃ

138 1258 184 1295 ιο
209 1243 313 1324 γὰρ
344 1235 407 1301 οὗ
433 1242 622 1323 γράφει
647 1241 935 1319 λαμόάνων
964 1240 1178 1300 ἔλαττον
1214 1248 1616 1320 χρεωκοπεῖται.
1702 1241 1780 1318 (a)

209 1332 407 1392 Καίτοι
470 1330 675 1412 Πέρσαι
724 1354 784 1409 γε
835 1328 897 1388 τὸ
938 1328 1217 1412 ψεύδεσθαι
1265 1326 1501 1408 δεύτερον
1535 1333 1783 1406 ἡγοῦνται

206 1426 313 1479 τῶν
342 1417 768 1498 ἁμαρτημάτων,
796 1421 1002 1500 πρῶτον
1032 1417 1087 1474 δὲ
1119 1415 1180 1474 τὸ
1215 1415 1465 1498 ὀφείλειν·
1494 1415 1574 1475 ὅτι
1601 1416 1693 1475 καὶ
1720 1416 1781 1476 τὸ

208 1508 500 1568 ψεύδεσθαι
526 1510 633 1574 τοῖς
655 1505 915 1588 ὀφείλουσι
947 1503 1224 1583 συμόαίνει
1256 1503 1535 1571 πολλάκις·
1564 1504 1781 1586 ψεύδον-

206 1573 296 1655 ται
322 1592 383 1655 δὲ
408 1596 612 1674 μᾶλλον
637 1596 685 1653 οἳ
706 1592 1047 1665 δανείζοντες,
1068 1593 1159 1651 καὶ
1184 1593 1574 1676 ῥᾳδιουργοῦσιν
1593 1594 1645 1651 ἐν
1667 1594 1783 1660 ταῖς

140 1698 183 1736 ¹⁵
207 1687 416 1743 ἑαυτῶν
463 1680 766 1764 ἐφημερίσι,
807 1680 1088 1763 γράφοντες
1134 1679 1214 1739 ὅτι
1254 1683 1330 1761 τῷ
1372 1681 1499 1738 δεῖνι
1537 1684 1781 1739 τοσοῦτον

206 1771 469 1844 διδόασιν,
503 1770 716 1830 ἔλαττον
749 1769 999 1837 διδόντες·
1084 1770 1144 1846 (4)
1175 1767 1267 1828 καὶ
1301 1767 1361 1827 τὸ
1395 1768 1580 1849 ψεῦδος
1608 1770 1779 1828 αἰτίαν

208 1865 322 1942 ἔχει
345 1858 672 1931 πλεονεξίαν,
693 1860 786 1917 οὐκ
806 1857 1060 1936 ἀνάγκην,
1084 1857 1191 1917 οὐδ’
1213 1855 1455 1938 ἀπορίαν,
1477 1858 1594 1915 ἀλλ’
1615 1859 1780 1928 ἀπλη-

207 1949 382 2021 στίαν,
404 1940 472 2020 ἧς
501 1946 895 2007 ἀναπόλαυστόν
919 1949 1057 2004 ἐστιν
1082 1947 1253 2011 αὖτοῖς
1274 1945 1335 2002 τὸ
1360 1943 1508 2011 τέλος
1529 1943 1621 2003 καὶ
1646 1949 1780 2004 ἀνω-

208 2037 393 2119 φελὲς,
439 2035 668 2117 ὀλέθριον
705 2035 759 2095 δὲ
794 2043 899 2102 τοῖς
940 2033 1313 2112 ἀδικουμένοις.
1401 2034 1463 2110 (s)
1500 2031 1641 2094 Οὔτε
1678 2032 1779 2114 γὰρ

134 2136 184 2176 2⁰
207 2124 432 2206 ἀγροὺς,
476 2124 560 2191 οὓς
590 2127 957 2206 ἀφαιροῦνται,
993 2126 1097 2181 τῶν
1132 2126 1411 2204 χρεωστῶν
1444 2127 1777 2203 γεωργοῦσιν,

237 2216 261 2238 V

207 2216 311 2275 ουτ’
345 2214 519 2281 οἰκίας
546 2216 733 2286 αὐτῶν,
758 2211 1066 2278 ἐκὸαλόντες
1099 2210 1344 2283 ἐκείνους,
1379 2213 1627 2284 οἰκοῦσιν,
1661 2209 1779 2271 οὔτε

204 2302 476 2384 τραπέζας
514 2300 914 2382 παρατίθενται,
950 2298 1058 2359 οὔτ’
1101 2301 1321 2372 ἐσθῆτας
1358 2298 1592 2358 ἐκείνων·
1643 2299 1778 2358 ἀλλὰ

205 2392 418 2472 πρῶτός
452 2415 531 2459 τις
571 2389 843 2463 ἀπόλωλε,
883 2388 974 2447 καὶ
1014 2386 1248 2469 δεύτερος
1288 2391 1649 2464 κυνηγετεῖται
1689 2390 1778 2447 ὑπ’

207 2481 409 2539 ἐκείνου
455 2479 834 2556 δελεαζόμενος.
940 2478 1004 2553 (e)
1049 2475 1281 2553 Νέμεται
1319 2475 1422 2555 γὰρ
1462 2479 1532 2542 ὡς
1569 2481 1675 2557 πῦρ
1716 2476 1776 2535 τὸ

136 2586 181 2624 25
208 2568 392 2651 ἄγριον
430 2567 709 2644 αὐξόμενον
736 2565 929 2648 ὀλέθρῳ
957 2565 1048 2625 καὶ
1083 2570 1248 2647 φθορᾷ
1283 2567 1385 2622 τῶν
1413 2562 1773 2640 ἐμπεσόντων,

205 2658 365 2717 ἄλλον
402 2657 458 2724 ἐξ
496 2655 656 2714 ἄλλου
688 2653 1097 2714 καταναλίσκον·
1126 2657 1155 2712 ὁ
1177 2652 1231 2710 δὲ
1258 2658 1412 2710 τοῦτο
1441 2650 1652 2734 ῥιπίζων
1681 2652 1772 2711 καὶ

201 2746 412 2827 τρέφων
442 2742 532 2802 ἐπὶ
553 2743 775 2810 πολλοὺς
802 2740 1097 2815 δανειστὴς,
1125 2739 1269 2800 οὐδὲν
1295 2739 1408 2819 ἔχει
1428 2739 1606 2813 πλέον,
1628 2739 1663 2811 ἢ
1689 2740 1775 2798 διὰ

203 2835 397 2915 χρόνου
415 2833 598 2894 λαὸὼν
621 2836 944 2911 ἀναγνῶναι,
969 2831 1164 2898 πόσους
1184 2829 1421 2910 πέπρακε
1435 2875 1451 2902 ,
1471 2829 1561 2888 καὶ
1583 2829 1776 2898 πόσους

203 2923 530 2994 ἐκὸέῆληκε,
560 2922 651 2981 καὶ
690 2921 847 2981 πόθεν
887 2943 987 2981 που
1029 2919 1392 2996 κυλινδόμενον
1419 2917 1511 2976 καὶ
1548 2917 1776 2999 σωρευό-

135 3036 183 3076 :o
205 3035 357 3088 μενον
379 3009 670 3082 διαὸέὸηκε
691 3009 753 3069 τὸ
773 3007 1036 3091 ἀργύριον.

278 3102 385 3160 Vl.
435 3099 549 3160 Καὶ
588 3103 757 3157 ταῦτα
797 3096 872 3174 μή
911 3119 978 3173 με
1006 3095 1171 3156 οἴεσθε
1208 3093 1375 3172 λέγειν
1406 3094 1638 3170 πόλεμον
1666 3093 1774 3163 ἐξε-

203 3188 465 3268 νηνοχότα
488 3189 619 3270 πρὸς
640 3186 758 3254 τοὺς
780 3184 1074 3253 δανειστάς·

261 3320 332 3369 0-3
353 3320 447 3383 γὰρ
469 3319 653 3367 πώποτ’
673 3317 787 3380 ἐμὰς
808 3317 918 3380 βοῦς
939 3316 1136 3375 ἤλασαν,
1156 3315 1262 3364 οὐδὲ
1281 3314 1363 3378 μὲν
1379 3314 1548 3371 ἵππους
1563 3331 1576 3342 ·

204 3430 316 3487 ἀλλ’
340 3425 730 3502 ἐνδεικνύμενον
758 3427 865 3494 τοῖς
888 3423 1182 3506 προχείρως
1209 3421 1609 3501 δανειζομένοις,
1639 3422 1769 3496 ὅσην

206 3605 527 3674 δανείζεσθαι
544 3607 639 3675 τῆς
658 3601 885 3681 ἐσχάτης
905 3600 1197 3682 ἀφροσύνης
1215 3600 1303 3659 καὶ
1324 3599 1591 3677 μαλακίας
1612 3599 1770 3660 ἐστίν.

1865 821 1958 874 sit,
1989 823 2238 872 exsistere
2260 826 2544 888 quicquam
2565 839 2708 888 posse
2720 834 2894 890 negant
2915 843 2927 877 ε
2950 844 3058 879 nam
3074 831 3199 893 apud
3220 833 3351 895 ipsos
3368 847 3425 883 ex

1870 919 1929 956 eo
1942 907 2071 969 quod
2092 910 2295 959 necdum
2312 917 2492 962 estnec
2510 913 2756 975 subsistit,
2773 917 2985 967 nascitur
3000 918 3171 968 soenus.
3203 923 3264 969 Et
3277 934 3426 984 quum

1869 995 2175 1058 publicanum
2203 1012 2310 1049 esse
2344 1013 2429 1062 pro
2460 1000 2694 1053 dedecore
2723 1004 2926 1066 ducant,
2958 1006 3090 1069 quod
3112 1013 3271 1057 tamen
3302 1008 3429 1072 leges

1867 1084 2173 1146 permittunt,
2200 1085 2288 1149 ipsi
2303 1090 2468 1137 contra
2492 1087 2620 1152 leges
2640 1091 2916 1142 l'oenerando
2934 1093 3022 1144 sibi
3047 1094 3270 1144 homines
3286 1098 3428 1146 vecti·

1865 1170 1995 1232 gales
2014 1172 2216 1234 faciunt,
2239 1177 2326 1224 aut
2348 1176 2536 1238 potius,
2570 1182 2623 1226 ut
2644 1191 2812 1228 verum
2833 1180 2990 1230 dicam
3006 1217 3023 1242 ,
3044 1181 3169 1231 inter
3202 1183 3429 1234 l'oeneran·

1867 1256 1983 1307 dum
2005 1259 2374 1313 defraudantes:
2395 1263 2480 1326 qui
2502 1264 2631 1314 enim
2667 1265 2827 1316 minus
2844 1268 3019 1332 accipit
3040 1283 3187 1332 quam
3212 1271 3258 1319 in
3292 1271 3429 1322 tabu·

1867 1343 1937 1394 las
1955 1347 2136 1410 accepti
2156 1349 2348 1407 retulit,
2374 1350 2416 1399 is
2439 1351 2857 1403 circumscribitur.
2925 1356 2989 1418 (3)
3023 1361 3086 1406 At
3115 1358 3243 1407 enim
3267 1363 3427 1411 Persai

1866 1433 2048 1482 secund
2054 1448 2134 1482 um
2150 1435 2309 1485 locum
2324 1437 2448 1487 inter
2463 1445 2656 1501 peccata
2669 1441 2915 1504 assignant
2926 1443 3176 1494 mendacio
3188 1481 3203 1505 ,
3220 1446 3426 1513 primum

1865 1520 1949 1569 aeri
1971 1521 2145 1572 alieno.
2209 1527 2330 1574 Nam
2351 1525 2632 1590 plerumque
2654 1529 2957 1580 mendacium
2978 1533 3230 1582 comitatur
3248 1533 3426 1585 debito.

1864 1609 2017 1670 Magis
2053 1614 2217 1660 autem
2256 1613 2554 1664 mentiuntur
2578 1615 2660 1679 qui
2693 1616 2813 1666 dant
2842 1631 2986 1681 quam
3024 1619 3107 1682 qui
3133 1621 3372 1684 accipiunt
3411 1636 3424 1670 ε

1867 1695 1991 1744 mala
2030 1696 2157 1746 enim
2188 1697 2354 1750 fraude
2377 1700 2428 1750 in
2459 1702 2565 1751 suis
2587 1701 2874 1754 adversariis
2896 1705 3055 1756 solent
3077 1707 3186 1770 plus
3221 1708 3426 1757 scribere

1864 1795 2008 1844 quam
2032 1783 2266 1836 dederint.
2333 1788 2402 1850 (⁴)
2418 1788 2570 1850 Cujus
2593 1791 2825 1841 mendacii
2850 1805 3043 1843 causam
3075 1794 3251 1845 liabent
3276 1797 3427 1846 avari·

1864 1871 1981 1920 tiam
1995 1908 2009 1931 ,
2026 1886 2121 1922 non
2141 1876 2504 1940 necessitatem,
2524 1891 2619 1927 non
2634 1878 2839 1942 inopiam
2853 1916 2868 1940 ,
2889 1881 2974 1931 sed
2994 1882 3395 1934 insatiabilitatem
3409 1922 3425 1946 ,

1863 1959 2002 2021 cujus
2025 1961 2134 2010 linis
2154 1962 2271 2025 ipsis
2289 1977 2383 2013 non
2407 1964 2550 2015 datur
2572 1967 2801 2017 fruendus
2814 2005 2827 2028 ‚
2852 1982 3007 2032 neque
3024 1970 3281 2034 quicquam
3300 1973 3424 2022 utili·

1864 2047 1979 2097 tatis
1997 2049 2066 2099 eis
2083 2050 2248 2112 affert,
2282 2053 2488 2116 pernicie
2505 2053 2696 2104 interim
2725 2059 2822 2106 stat
2853 2070 3020 2107 eorum
3059 2072 3182 2121 quos
3219 2060 3290 2109 illi
3323 2074 3427 2124 pre·

1863 2138 2019 2186 munt.
2085 2137 2157 2200 (5)
2174 2140 2427 2189 Non'enim
2452 2153 2593 2202 agros
2623 2155 2818 2204 eorum,
2850 2144 3028 2207 quibus
3055 2158 3140 2196 eos
3171 2146 3421 2208 adimunt,

1862 2222 2027 2273 colunt
2040 2240 2054 2285 3
2084 2237 2240 2288 neque
2257 2225 2432 2277 domus
2449 2226 2745 2291 debitorum,
2774 2231 2891 2294 ipsis
2908 2231 3099 2294 ejectis,
3132 2234 3421 2296 inliabitant3

1863 2323 2018 2371 neque
2037 2325 2226 2363 mensas
2243 2313 2558 2378 spoliatorum
2576 2321 2850 2380 apponunt,
2869 2323 2954 2368 aut
2974 2322 3136 2370 vestes
3155 2329 3384 2385 usurpant
3403 2355 3418 2379 ,

1863 2397 1950 2447 sed
1971 2399 2134 2449 statim
2155 2414 2251 2450 uno
2277 2401 2591 2464 pessundato,
2609 2404 2757 2454 alium
2774 2409 3010 2456 venantur
3025 2411 3171 2470 atque
3192 2408 3421 2458 inescant.

1863 2485 1930 2549 (6)
1961 2487 2118 2550 Serpit
2135 2489 2263 2538 enim
2294 2489 2415 2551 ignis
2435 2491 2584 2540 instar
2615 2492 2796 2542 malum
2827 2506 2937 2542 cum
2962 2495 3169 2556 pernicie
3197 2501 3244 2545 et
3276 2497 3424 2545 exilio

1860 2585 2027 2623 eorum
2050 2589 2175 2638 quos
2200 2577 2393 2640 arripit,
2417 2591 2569 2628 unum
2588 2582 2699 2643 post
2727 2580 2874 2629 alium
2896 2594 3194 2631 consumens.
3262 2587 3423 2646 Ignem

1861 2666 2023 2711 autem
2054 2662 2187 2713 bunc
2217 2664 2298 2727 qui
2331 2666 2642 2716 exsuscitavit
2671 2672 2816 2731 atque
2848 2668 2965 2719 aluit
3000 2669 3270 2726 soenerator,
3307 2672 3421 2719 nillil

1860 2749 2066 2813 amplius
2100 2750 2271 2812 habet,
2307 2767 2450 2815 quam
2480 2758 2535 2803 ut
2568 2755 2804 2805 interdum
2827 2768 2938 2806 suas
2974 2757 3182 2807 rationes
3214 2758 3424 2820 relegens

1860 2839 1996 2886 notet
2017 2852 2162 2900 quam
2189 2841 2365 2890 multos
2387 2840 2447 2889 ad
2467 2843 2734 2892 auctionem
2763 2843 3000 2893 honorum
3033 2843 3296 2894 faciendam
3319 2846 3423 2894 ade·

1860 2924 2006 2986 gerit,
2026 2938 2172 2986 quam
2191 2925 2371 2976 multos
2387 2926 2531 2976 domo
2562 2927 2798 2992 exegerit,
2826 2929 2953 2978 unde
2975 2932 3026 2979 et
3052 2929 3132 2980 ubi
3158 2930 3422 2980 volutatum

1856 3017 2108 3074 argentum
2127 3013 2348 3064 ereverit.

1920 3128 2004 3174 vl.
2038 3128 2202 3189 Neque
2230 3127 2323 3177 hoc
2344 3140 2422 3176 me
2442 3126 2603 3179 dicere
2633 3129 2838 3193 putetis,
2862 3130 3001 3193 quasi
3021 3130 3105 3193 qui
3129 3131 3312 3180 bellum
3338 3132 3418 3180 sm·

1856 3214 2159 3264 iteratoribus
2179 3215 2430 3265 indixerim
2452 3230 2467 3265 z

1965 3318 2083 3361 Nam
2102 3328 2240 3361 nemo
2258 3317 2444 3363 illorum
2462 3316 2522 3363 de
2540 3319 2713 3364 nostris
2736 3317 2884 3363 bobus
2901 3319 3089 3375 equisre

1962 3386 2133 3431 avertit
2149 3385 2355 3440 praedam
2372 3399 2385 3430 ε

1855 3465 1949 3515 hoe
1971 3467 2158 3528 specto,
2179 3469 2233 3514 ut
2254 3465 2315 3514 iis
2331 3465 2415 3528 qui
2440 3464 2603 3515 faciles
2621 3468 2736 3515 sunt
2757 3464 2818 3514 ad
2845 3467 3100 3529 pecuniam
3134 3467 3313 3516 soenore
3345 3482 3423 3515 su·

136 3531 180 3567 ²³³
205 3516 310 3596 31⁵²
336 3515 397 3575 τὸ
426 3523 653 3596 πρᾶγμα
675 3510 929 3593 αἷσχύνην
957 3511 1047 3571 καὶ
1078 3510 1457 3588 ἀνελευθερίαν,
1481 3511 1573 3570 καὶ
1600 3509 1681 3569 ὅτι
1711 3511 1771 3572 τὸ
1856 3543 2098 3604 mendam,
2118 3542 2458 3604 demonstrem,
2472 3547 2706 3606 quantum
2726 3556 2782 3597 ea
2800 3557 2878 3593 res
2894 3543 3414 3606 turpitudinisltabeat,

1856 3623 2095 3685 quantum
2113 3620 2472 3682 illiberalitatis3
2489 3621 2696 3683 denique
2714 3634 2859 3683 quam
2879 3622 2944 3670 sit
2960 3624 3189 3672 extremm
3207 3625 3313 3671 tum
3338 3623 3418 3672 de·

209 3697 263 3769 (2)
285 3693 505 3774 Ἔχεις
531 3690 607 3769 μὴ
638 3689 875 3770 δανείσῃ·
905 3692 963 3748 οὗ
999 3687 1101 3769 γὰρ
1136 3691 1365 3768 ἀπορεῖς.
1392 3735 1420 3770 ,,
1447 3691 1565 3748 Οὐκ
1602 3688 1767 3770 ἔχεις;
1806 3677 1814 3736 Ι
1855 3701 2052 3751 mentiae
2078 3703 2184 3751 tum
2209 3700 2441 3751 mollitiei.
2508 3701 2574 3763 (2)
2613 3701 2799 3751 nabes?
2818 3701 2918 3750 noli
2953 3705 3003 3750 te
3038 3714 3136 3751 oere
3156 3702 3311 3751 alieno
3335 3702 3418 3750 ob·

206 3779 274 3855 ,ιιὴ
305 3780 520 3859 δανείσῃ
538 3803 552 3816 ·
576 3781 635 3838 οὗ
662 3777 765 3860 γὰρ
792 3778 1031 3845 ἐκτίσεις.
1062 3780 1197 3838 Κατ’
1226 3775 1433 3836 ίδίανδὲ
1453 3775 1615 3843 οὕτως
1644 3777 1767 3835 ἑκά-

206 3893 325 3951 τερα
354 3873 659 3945 σκοπῶμεν.
746 3869 806 3946 (3)
839 3867 908 3929 ‘O
943 3866 1134 3927 Κάτων
1160 3864 1289 3946 πρός
1326 3889 1441 3923 τινα
1470 3864 1767 3945 πρεσὸύτην

140 3965 187 4007 :o
209 3956 636 4038 πονηρευόμενον,
664 3947 739 4015 Ὦ
777 3955 1045 4035 ἄνθρωπε,
1070 3953 1123 4013 τί
1143 3957 1219 4034 τῷ
1246 3952 1411 4034 γήρα,
1440 3952 1569 4033 ἔφη,
1597 3952 1771 4012 πολλὰ

208 4046 342 4105 κακὲ
364 4046 567 4126 ἔχοντι,
590 4045 687 4115 τὴν
712 4047 771 4103 ἐκ
796 4049 889 4116 τῆς
909 4041 1160 4123 πονηρίας
1183 4040 1437 4121 αἰσχύνην
1461 4040 1768 4121 προστίθης;

209 4137 388 4194 οὐκοῦν
415 4134 505 4193 καὶ
544 4133 606 4192 σὺ
643 4138 710 4214 τῇ
741 4131 926 4211 πενία,
955 4133 1165 4189 πολλῶν
1192 4133 1371 4189 κακῶν
1400 4126 1720 4208 προσόντων,
1740 4131 1769 4156 ⁸

210 4222 279 4298 μὴ
304 4221 584 4303 ἐπισώρευε
612 4219 707 4288 τὰς
730 4224 789 4280 ἐκ
812 4226 901 4278 τοῦ
927 4217 1247 4287 δανείζεσθαι
1269 4215 1360 4276 καὶ
1384 4216 1605 4296 ὀφείλειν
1630 4219 1771 4292 ἀμη-

209 4312 415 4390 χανίας,
446 4312 571 4390 μηδ’
600 4313 824 4391 ἀφαιροῦ
846 4313 942 4381 τῆς
962 4306 1169 4378 πενίας,
1192 4297 1235 4388 ᾧ
1261 4306 1402 4386 μόνῳ
1424 4310 1515 4363 τοῦ
1542 4302 1768 4363 πλούτου

1027 4397 1088 4475 (⁴)
1114 4394 1274 4455 Ἐπεὶ
1292 4393 1351 4453 τὸ
1375 4398 1467 4465 τῆς
1488 4392 1771 4474 παροιμίας

214 4488 351 4546 ἔσται
370 4490 566 4566 γελοῖον
580 4512 595 4524 ·

328 4620 401 4669 0-5
417 4619 614 4682 δύιαμαι
632 4619 717 4675 τὴν
741 4617 853 4679 αἶγα
869 4616 1033 4681 φέρειν,
1058 4613 1133 4665 ἐπί
1154 4631 1232 4678 μοι
1252 4614 1351 4664 θέτε
1368 4614 1447 4663 τὸν
1472 4615 1601 4676 βοῦν.

216 4742 406 4800 Πενίαν
423 4742 592 4823 φέρειν
608 4741 683 4820 μὴ
698 4741 997 4818 δυνάμενος,
1013 4737 1288 4812 δανειστὴν
1304 4737 1534 4810 ἐπιτίθης
1548 4740 1771 4818 σεαυτῷ,

219 4831 419 4910 φορτίον
443 4832 534 4890 καὶ
559 4833 869 4890 πλουτοῦντι
898 4828 1189 4889 δύσοιστον.
1276 4829 1340 4905 (5)
1383 4831 1510 4895 Πῶς
1536 4818 1624 4886 οῦν
1655 4828 1773 4884 δια-

155 4923 421 5000 εοτραφῶς
447 4920 602 4980 Τοῦτ’
621 4923 843 5001 ἐρωτᾷς,
866 4917 1005 4998 ἔχων
1032 4925 1241 4998 χεῖρας,
1266 4916 1402 4996 ἔχων
1426 4916 1616 4988 πόδας,
1636 4914 1772 4996 ἔχων

222 5006 407 5085 earth,
436 5008 700 5088 ἅνθρωπος
723 5005 812 5080 ὢν,
840 4998 883 5089 ᾧ
911 5006 971 5066 τὸ
1011 5007 1176 5088 φιλεῖν
1207 5008 1317 5065 ἐστι
1360 5005 1449 5064 καὶ
1486 5007 1772 5088 φιλεῖσθαι,

1854 3780 2114 3842 stringere,
2157 3793 2309 3842 quum
2346 3793 2438 3828 non
2476 3779 2705 3841 indigeas.
2769 3782 2876 3829 Non
2927 3779 3108 3829 habes?
3148 3793 3207 3829 ne
3240 3781 3419 3829 sumito

1854 3864 2077 3908 mutuum
2091 3876 2105 3920 ;
2117 3873 2213 3910 non
2224 3873 2278 3909 es
2287 3858 2413 3909 enim
2425 3859 2670 3909 solvendo.
2733 3863 2912 3909 Verum
2924 3858 3027 3908 liaec
3037 3858 3308 3920 singulatim
3320 3872 3417 3922 per·

1855 3936 2140 3999 pendamus.
2209 3938 2275 4000 (3)
2313 3939 2431 3987 cato
2453 3936 2643 3986 cuidam
2661 3936 2765 3987 seni
2803 3936 2927 3986 male
2955 3949 3008 3985 se
3040 3937 3246 3998 gerenti,
3282 3940 3417 3985 Heus

1853 4014 2028 4070 homo,
2056 4014 2201 4072 dixit,
2231 4027 2328 4065 ew·
2356 4016 2609 4064 senectuti
2639 4013 2822 4063 multis
2853 4013 3056 4075 alioqui
3082 4013 3241 4062 malis
3269 4013 3415 4063 labo·

1852 4094 2022 4152 ranti,
2045 4092 2272 4141 maliliae
2299 4090 2515 4140 dedecus
2538 4092 2960 4152 superimponis?
2995 4093 3058 4140 Et
3090 4093 3141 4139 tu
3159 4125 3172 4148 ,
3206 4088 3412 4139 dicerem

1855 4171 2079 4232 pauperi,
2103 4170 2198 4219 noli
2217 4168 2489 4232 paupertati
2503 4204 2518 4228 ,
2538 4167 2705 4217 multis
2722 4167 2933 4230 alioquin
2953 4170 3142 4216 onustae
3159 4168 3424 4217 incommo-

1853 4245 1959 4307 dis,
1982 4246 2288 4296 difficultates
2308 4251 2532 4295 mutuum
2554 4244 2741 4307 petendi
2760 4251 2810 4296 et
2828 4258 2922 4294 aere
2939 4244 3095 4294 alieno
3115 4251 3161 4294 te
3178 4245 3414 4305 obligandi

1853 4330 2290 4389 accumulare;nec
2307 4329 2381 4387 id,
2414 4342 2511 4392 quo
2531 4342 2628 4378 uno
2646 4328 2828 4377 divitiis
2849 4329 3046 4390 praestat
3067 4330 3322 4389 paupertas
3336 4362 3351 4386 ‚
3375 4332 3420 4375 et

1855 4412 2010 4471 auser,
2038 4412 2329 4460 vacuitatem
2371 4411 2567 4472 inquam
2604 4408 2996 4458 sollicitudinum.
3061 4408 3128 4470 (4)
3162 4411 3281 4458 Nam
3303 4407 3416 4457 illue

1854 4494 2049 4557 quidem
2068 4492 2324 4542 ridiculum
2341 4498 2442 4552 est,
2461 4491 2593 4555 quod
2611 4489 2863 4555 proverbio
2878 4490 3092 4553 jactatur
3111 4504 3124 4538 :

1959 4620 2062 4664 Non
2079 4629 2266 4674 possum
2285 4619 2469 4674 portare
2485 4627 2670 4672 capram
2686 4629 2698 4659 :
2714 4615 2829 4661 heus
2840 4647 2853 4668 ,
2873 4614 3094 4671 imponite
3112 4616 3311 4659 taurum.

1856 4747 2190 4808 Paupertatem
2215 4742 2337 4792 serre
2373 4755 2470 4791 non
2505 4744 2669 4804 potes,
2687 4744 2737 4790 et
2770 4740 3102 4790 soeneratorem
3130 4735 3181 4787 in
3207 4737 3420 4788 cervices

1856 4834 1965 4881 tuas
1988 4829 2224 4894 imponis,
2248 4842 2376 4879 onus
2391 4829 2469 4879 cui
2491 4826 2685 4878 ferendo
2708 4825 2966 4878 difficulter
2990 4827 3136 4876 etiam
3159 4824 3296 4875 dives
3321 4824 3417 4873 sus·

1858 4921 2004 4971 liciat.
2073 4919 2141 4982 (5)
2160 4919 2329 4980 Dices,
2349 4919 2412 4968 At
2441 4915 2685 4982 quomodo
2715 4916 2844 4966 alar?
2867 4916 3102 4975 Huncine,
3122 4914 3349 4978 inquam,
3370 4915 3418 4962 te

1858 5021 2029 5074 rogare
2049 5022 2241 5072 oequum
2259 5011 2363 5067 est,
2382 5006 2464 5072 qui
2490 5006 2665 5057 habeas
2684 5019 2881 5067 manus,
2912 5004 3082 5069 pede8‚
3110 5006 3312 5053 vocem?
3334 5002 3415 5062 qui

3122 5106 3188 5145 et.
