3709 5609
337 264 450 316 808

1076 209 1737 303 ΣΥΜΠΟΣιΑΚΩΝ
1790 211 2247 306 uposs'Afflu.
2302 236 2534 297 uiua.
2587 205 2665 313 Δ,
2720 231 2787 313 ρ’.

2812 0 2848 40 τ’γ
2888 0 2892 3 ’
2927 0 3023 49 ,ἣν-ἶ·
3080 0 3108 39 ’,ι
3133 0 3170 39 ,3
3182 0 3260 35 ὶ-ἓτ
3355 27 3360 34 ι
3428 28 3437 35 .
3463 0 3522 27 ³5
3552 0 3576 30 ,Ἴ
3591 0 3611 15 ’,τ

2922 73 2928 81 γ
3083 42 3090 52 ,η
3120 43 3179 75 ''t'‘
3205 0 3344 84 ,διξὰ
3355 0 3466 82 ‚UT-”55¹2
3514 41 3521 53 ,
3567 31 3578 41 ·
3639 33 3650 44 ,

2978 87 2998 104 ,·
3023 80 3038 94 ]’
3152 80 3156 90 ¹
3309 74 3322 95 θ’
3334 79 3341 86 “
3365 78 3380 89 '⁴
3393 83 3408 89 κ
3441 98 3447 102 .
3464 81 3468 92 l

3365 110 3367 115 '
3405 116 3434 126 o

3239 234 3364 311 (⁶⁶⁵,
3395 241 3548 312 ¹3--1²)

334 384 600 468 φιλοσόφῳ
624 381 678 441 δὲ
698 380 1152 460 παρεπιδημοῦντι
1178 376 1527 453 Πυθαγορικῷ
1551 369 1906 452 προσελθόντα
2004 376 2402 439 Pythagoricum,
2426 375 2635 439 quitum
2662 374 2729 424 ibi
2753 373 3164 438 peregrinabatur,
3190 373 3252 423 ab
3274 387 3423 436 eoque
3452 387 3553 422 cau-

335 467 941 545 xstisstmtuvssavoyaevov·
966 465 1053 524 τὸν
1086 463 1140 522 δὲ
1166 459 1596 543 ἀφοσιωσάμενον
1623 458 1714 516 κα).
1738 454 1913 515 κελεύ·
1955 528 1959 536 .
2000 487 2105 522 sam
2126 473 2406 536 quaessivisse
2438 487 2449 521 ζ
2474 473 2515 521 is
2542 477 2702 522 autem
2731 471 3037 526 abominatus
3053 484 3154 520 rem
3170 507 3185 531 ,
3210 470 3366 534 ipsum
3398 483 3482 533 pro
3504 484 3549 520 se

337 587 504 622 σαντα
543 559 658 619 καθ’
698 557 880 617 ἑαυτὸν
919 558 1045 635 ‹spe-,zv
1079 553 1170 612 καὶ
1208 548 1594 628 προσεύχεσθαῑ
1621 555 1728 612 τοῖς
1755 551 1907 612 θεοῖς·
1954 570 1959 615 l
1999 571 2143 633 jussit
2156 570 2387 633 dispicere
2405 583 2462 619 ac
2480 568 2573 619 diis
2592 571 2704 619 vota
2724 569 2893 619 facere.
2958 568 3026 631 (3)
3044 567 3201 618 Audio
3222 568 3364 617 etiam
3387 566 3555 616 fulmen

342 653 406 729 (3)
445 648 642 709 Ἀκούω
681 645 737 705 δὲ
778 643 870 703 καὶ
919 641 1239 724 στρατιώτου
1281 638 1631 720 φυλάττοντος
1672 633 1810 714 ἱερὸν
1856 636 1911 691 ἐν

286 768 312 807 5
340 738 525 815 Ῥώμῃ
543 783 560 816 9
588 734 838 817 κεραυνὸν
865 730 1015 811 ἐγγὺς
1040 729 1269 788 πεσόντα
1287 773 1303 800 ,
1333 728 1617 784 διακαῦσαι
1644 725 1750 781 τῶν
1783 725 1916 779 ὓπο-

341 824 590 904 δημάτων
618 822 734 888 τοὺς
760 820 1015 899 ἱμάντας,
1046 819 1176 877 ἄλλο
1205 814 1260 875 δὲ
1291 814 1453 893 μηδὲν
1484 810 1646 871 κακὸν
1679 809 1911 894 ἐργάσα-

341 920 478 973 σθαι·
504 912 594 972 καὶ
623 910 903 990 κυλιχνίων
935 910 1174 987 ἀργυρῶν
1198 902 1417 972 ξυλίνοις
1441 897 1756 977 ἐγκειμένων
1787 895 1913 954 ἐλύ-

338 1026 477 1082 τροις
499 1001 586 1059 τὸν
618 999 710 1078 μὲν
743 998 967 1078 ἄργυρον
998 998 1272 1064 συνιζῆσαι
1299 989 1558 1058 τακέντα,
1589 986 1648 1044 τὸ
1679 984 1733 1043 δὲ
1761 984 1912 1052 ξύλον

317 1090 550 1149 ἄθικτον
589 1088 680 1146 καὶ
728 1084 924 1151 ἀπαθὲς
975 1086 1265 1160 εὑρεθῆναι.
1353 1079 1413 1154 (4)
1450 1074 1558 1137 Καὶ
1605 1080 1773 1132 ταῦτα
1817 1072 1912 1149 μὲν

267 1204 315 1242 10
341 1179 506 1249 ἔξεστι
532 1175 825 1252 πιστεύειν,
850 1173 941 1233 καὶ
977 1172 1070 1248 μή·
1108 1169 1320 1228 πάντων
1361 1165 1416 1225 δὲ
1454 1161 1914 1241 θαυμασιώτατον,

341 1270 369 1329 ὃ
396 1267 614 1338 πάντες,
639 1270 711 1333 ὡς
739 1264 862 1331 ἔπος
890 1265 1071 1333 εἰπεῖν,
1098 1259 1273 1336 ἴσμεν,
1302 1254 1384 1313 δ’τι
1407 1258 1510 1313 τῶν
1536 1251 1638 1309 ὑπὸ
1662 1255 1915 1332 κεραυνοῦ

341 1353 726 1438 διαφθαρέντων
749 1354 965 1424 ἄσηπτα
979 1348 1046 1407 τὰ
1067 1348 1293 1424 σώματα
1314 1341 1564 1423 διαμένει·
1653 1342 1712 1416 (5)
1731 1336 1917 1396 πολλοὶ

340 1446 442 1527 γὰρ
464 1444 581 1504 οὔτε
605 1444 861 1512 καίουσιν,
886 1439 1003 1498 οὔτε
1027 1436 1454 1518 κατορύττουσιν,
1481 1433 1598 1489 ἀλλ’
1625 1432 1748 1487 ἐῶσι
1774 1449 1915 1507 περι-

343 1533 662 1615 φράξαντες,
701 1529 839 1587 ὥστε
869 1530 1090 1607 δρᾶσθαι
1124 1522 1243 1588 τοὺς
1277 1518 1486 1596 νεκροὺς
1520 1516 1787 1587 ἀσήπτους
1817 1512 1916 1571 ἀεί·

269 1642 315 1679 15
341 1623 437 1694 τὴν
461 1620 745 1701 Εὐριπίδου
773 1613 1056 1693 Κλυμένην
1082 1607 1393 1689 ἐλέγχοντας
1409 1652 1424 1679 ,
1449 1605 1537 1665 ἐπὶ
1561 1610 1653 1662 τοῦ
1676 1600 1918 1663 Φαέθον-

344 1734 428 1777 τος
451 1713 719 1780 εἰποῦσαν,

1149 1849 1291 1901 Φίλος
1305 1848 1355 1895 δέ
1376 1862 1454 1909 μοι

534 1929 726 1983 ἄλουτος
748 1926 794 1975 ἐν
815 1924 1007 1989 φάραγξι
1025 1923 1224 1980 σήπεται
1243 1919 1392 1974 νέκυς.

267 2102 320 2139 20
352 2076 409 2151 (6)
435 2072 602 2133 εὈθεν
625 2059 773 2146 οἶμαι
793 2064 961 2125 καὶτὸ
979 2067 1110 2123 θεῖον
1127 2059 1431 2137 ὠνομάσθαι
1449 2062 1514 2136 τῇ
1531 2052 1801 2133 ὁμοιότητι
1825 2057 1917 2123 τῆς

345 2167 541 2239 ὀσμῆς,
570 2160 635 2230 ἣν
663 2156 730 2215 τὰ
767 2155 1031 2231 παιόμενα
1061 2154 1172 2217 τοῖς
1208 2151 1474 2229 κεραυνοῖς
1503 2144 1717 2225 ἀφίησιν
1745 2146 1909 2222 ἐκτρι-

348 2249 571 2329 6ομένην
617 2242 835 2327 πυρώδη
872 2242 964 2302 καὶ
1005 2242 1263 2319 δριμεῖαν·
1316 2236 1399 2317 ὑφ’
1441 2227 1501 2305 ἧς
1548 2232 1665 2309 ἐμοὶ
1707 2231 1917 2289 δοκοῦσι

344 2340 436 2399 καὶ
457 2336 605 2405 κύνες
625 2333 716 2393 καὶ
744 2333 938 2414 ὄρνιθες
962 2328 1255 2409 ἀπέχεσθαι
1278 2328 1381 2383 τῶν
1414 2321 1701 2392 διοὸλήτων
1729 2318 1917 2396 σωμά-

344 2454 468 2488 των.
557 2427 617 2505 (7)
651 2422 807 2501 Ἐμοὶ
851 2419 953 2500 γὰρ
999 2417 1127 2497 ἄχρι
1172 2413 1355 2473 τούτου
1399 2416 1491 2482 τῆς
1531 2409 1698 2476 αἷτίας
1736 2406 1916 2487 ὥσπερ

267 2541 318 2578 25
347 2522 543 2603 δάφνης
565 2511 1008 2597 παρατετρώχθω·
1038 2507 1104 2567 τὰ
1129 2508 1183 2566 δὲ
1206 2504 1385 2578 λοιπὰ,
1410 2510 1612 2575 τοῦτον,
1640 2502 1786 2583 ἔφην,
1811 2524 1918 2559 πα-

349 2608 681 2689 ρακαλῶμεν·
712 2600 826 2661 ἐπεὶ
853 2598 944 2656 καὶ
972 2600 1076 2662 τοῖς
1105 2593 1271 2661 ὕδνοις
1300 2592 1696 2674 ἐνευημέρηκεν·
1724 2588 1811 2646 ἵνα
1841 2586 1916 2665 μὴ

349 2695 598 2772 πάθωμεν
634 2691 693 2750 τὸ
734 2695 824 2749 τοῦ
858 2681 1239 2764 Ἀνδροκύδους.
1323 2683 1385 2759 (8)
1427 2680 1660 2746 Ἐκεῖνος
1701 2675 1805 2755 γὰρ
1843 2666 1917 2732 ῶν

349 2782 563 2854 ἐποίησε
595 2778 807 2838 πάντων
849 2771 1201 2853 ἐναργέστατα
1238 2769 1329 2829 καὶ
1364 2770 1623 2828 κάλλιστα
1652 2764 1770 2831 τοὺς
1797 2762 1919 2844 περὶ

346 2871 440 2942 τὴν
471 2866 717 2930 Σκύλλαν
744 2867 889 2944 ἰχθῦς
914 2859 1296 2942 ζωγραφήσας,
1323 2857 1464 2926 ἔδοξε
1493 2860 1569 2936 τῶ
1597 2852 1751 2913 πάθει
1781 2854 1919 2930 μᾶλ-

269 2978 321 3017 30
346 2962 437 3019 λον
477 2957 512 3029 ἢ
554 2955 712 3036 τέχνῃ
757 2955 1065 3032 κεχρῆσθαι·
1103 2946 1254 3030 φύσει
1291 2944 1394 3026 γὰρ
1433 2937 1499 3018 ἧν
1536 2943 1768 3025 φίλοψος·
1856 2944 1915 3019 (ο)

347 3047 482 3108 οὕτω
513 3046 670 3129 φήσει
704 3066 782 3108 τις
817 3038 908 3099 καὶ
930 3042 1075 3115 ἡμᾶς
1111 3034 1215 3094 ὐπὸ
1251 3035 1439 3105 ἡδονῆς
1466 3029 1922 3114 φιλοσοφήσαντας

348 3136 466 3217 περὶ
507 3139 611 3193 τῶν
653 3130 817 3189 ὕδνων
875 3126 990 3205 [ὥς]
1049 3119 1518 3204 ἀμφισὸητήσιμον
1558 3116 1783 3197 ἐχόντων
1824 3113 1920 3185 τὴν

349 3224 566 3304 γένεσιν,
598 3226 669 3289 ὡς
708 3224 848 3301 ὁρᾷς·
879 3219 931 3274 ἐν
970 3213 1026 3273 δὲ
1052 3212 1252 3280 τούτοις
1287 3207 1632 3287 ὑποκειμένης
1667 3211 1742 3285 τῷ
1780 3204 1923 3286 λόγῳ

347 3319 440 3386 τ’ῆς
473 3311 793 3378 εὐπειθείας,
837 3304 928 3364 καὶ
959 3302 1055 3375 τὴν
1095 3300 1267 3361 αἰτίαν
1296 3301 1327 3331 ⁴²
1349 3300 1380 3330 ⁴²
1401 3296 1650 3379 προδήλῳ
1684 3298 1758 3376 τῷ
1791 3284 1923 3351 εἶναι

348 3398 645 3471 πειθούσης.

429 3492 526 3549 IV.
570 3487 741 3563 Ἐμοῦ
769 3480 823 3541 δὲ
844 3476 1335 3560 παρακελευομένου
1364 3474 1455 3533 καὶ
1478 3473 1715 3552 λέγοντος
1740 3468 1922 3551 καιρὸν

351 3570 508 3651 εἶναι,
556 3572 796 3651 καθάπερ
847 3572 898 3627 ἐν
948 3564 1201 3647 κωμῳδία
1254 3562 1500 3643 μηχανὰς
1541 3559 1783 3641 αἴροντας
1831 3558 1923 3616 καὶ

355 3664 569 3747 βροντὰς
612 3660 997 3740 ἐμὸοίλλοντας,
1039 3652 1189 3737 παρὰ
1228 3650 1389 3711 πότον
1433 3648 1762 3732 διαλέγεσθαι
1801 3647 1923 3726 περὶ

351 3755 632 3836 κεραυνῶν·
679 3747 747 3807 τὰ
791 3745 884 3824 μὲν
931 3744 1070 3802 ἄλλα
1116 3739 1383 3821 παρίεσαν
1430 3737 1922 3815 συνομολογοῦντες,

348 3842 469 3925 περὶ
516 3841 573 3900 δὲ
624 3842 727 3898 τῶν
771 3838 822 3893 ἐν
868 3840 977 3899 τοῖς
1021 3829 1329 3889 καθεύδουσι
1373 3826 1448 3905 μὴ
1495 3824 1919 3906 κεραυνουμένων

272 3954 323 3992 40
351 3927 572 3991 ἀκοῦσαί
611 3951 662 3986 τι
708 3921 1011 4005 βουλόμενοι
1046 3922 1288 3999 λιπαρεῖς
1324 3908 1481 3988 ἦσαν.
1569 3914 1631 3991 (2)
1665 3909 1824 3988 Ἐμοὶ
1865 3909 1919 3967 δὲ

347 4020 505 4080 πλέον
530 4015 674 4078 οὐδὲν
702 4013 897 4092 ἐγίνετο
919 4014 1013 4079 τῆς
1033 4005 1203 4073 αἰτίας
1224 4002 1480 4086 ἁψαμένῳ
1503 3999 1673 4060 κοινὸν
1702 3996 1925 4078 ἐχούσης

347 4109 435 4168 τὸν
471 4107 642 4186 λόγον·
679 4102 818 4181 ὅμως
842 4101 890 4159 δ’
911 4090 999 4158 οῦν
1024 4096 1152 4178 ἔφην
1177 4097 1247 4160 ὡς
1265 4092 1324 4150 τὸ
1346 4086 1614 4170 κεραύνιον
1637 4091 1743 4165 πῦρ
1773 4088 1923 4166 α’κρι-

353 4196 470 4278 ὅεία
512 4195 604 4254 καὶ
633 4191 917 4262 λεπτότητι
964 4181 1265 4262 θαυμαστόν
1309 4182 1467 4252 ἐστιν,
1507 4175 1720 4235 αὐτόθεν
1764 4174 1921 4253 (περὶ)

351 4285 446 4356 τὴν
467 4281 665 4349 γένεσιν
692 4285 750 4339 ἐκ
769 4285 1003 4359 καθαρᾶς
1027 4272 1120 4334 καὶ
1143 4273 1308 4350 ἆγνῆς
1332 4268 1451 4349 ἔχον
1475 4263 1651 4330 οὐσίας
1666 4309 1682 4334 ,
1706 4262 1798 4320 καὶ
1819 4271 1924 4319 πᾶν

275 4402 323 4440 ¹5
358 4373 477 4431 εἴτι
506 4368 856 4447 συμμίγνυται
884 4363 1088 4445 νοτερὸν
1113 4360 1148 4432 ἢ
1177 4360 1365 4438 γεῶδες
1394 4357 1536 4435 αὐτῷ
1560 4357 1655 4423 τῆς
1680 4351 1801 4431 περὶ
1827 4349 1925 4421 τὴν

352 4462 554 4531 κίνησιν
576 4456 817 4525 ὀξύτητος
837 4448 1214 4528 ἀποσειομένης
1236 4447 1326 4507 καὶ
1347 4439 1798 4523 διακαθαιρούσης.
1861 4440 1921 4516 (3)

351 4547 642 4619 Διόὸλητον
681 4540 773 4620 μὲν
809 4540 973 4612 οὐδὲν,
1012 4537 1083 4605 ὥς
1123 4560 1254 4620 φησι
1284 4534 1640 4614 Δημόκριτος,
1684 4528 1710 4551 *
1733 4528 1762 4556 ³*
1797 4525 1926 4605 παρ’

277 3499 321 3546 35

1955 673 1963 888 ἱ

2007 682 2154 731 prope
2173 668 2374 718 militem
2390 704 2404 728 ‚
2423 668 2505 730 qui
2528 668 2759 730 templum
2782 669 2947 716 Romae
2965 666 3290 726 custodiebat,
3309 666 3558 725 decidisse,

2005 766 2376 828 calceorumque
2394 765 2580 815 adustis
2604 765 2743 825 loris,
2768 764 2955 813 nullum
2978 764 3109 813 aliud
3137 763 3425 814 maleficium
3450 763 3559 811 intu-

2006 864 2118 912 lisse
2147 878 2161 912 :
2188 868 2238 913 et
2262 876 2413 925 quum
2442 863 2659 924 argentei
2694 863 2883 912 caliculi
2916 862 2967 911 in
2996 862 3166 926 ligneis
3194 860 3391 925 repositi
3416 867 3561 910 essent

2007 960 2272 1024 operculis,
2297 960 2479 1022 lignum
2512 960 2782 1015 incolume,
2813 965 3064 1022 argentum
3088 959 3405 1022 colliquatum
3432 958 3565 1007 fuisse

2344 1058 2413 1121 (4)
2441 1061 2556 1108 Haec
2576 1059 2652 1108 vel
2676 1058 2846 1108 credas
2868 1058 2980 1108 licet
2997 1093 3013 1119 ,
3046 1058 3123 1107 vel
3155 1071 3250 1106 non
3273 1056 3459 1106 credas.
3521 1055 3563 1104 ld

2006 1157 2222 1206 omnium
2241 1156 2451 1205 maxime
2470 1157 2647 1205 mirum
2670 1162 2771 1217 est,
2795 1157 2926 1218 quod
2953 1170 3125 1205 omnes
3154 1155 3254 1206 fere
3277 1155 3566 1217 compertum

2009 1254 2268 1314 babemus,
2300 1267 2499 1316 corpora
2526 1253 2587 1302 de
2618 1252 2742 1302 coelo
2781 1254 3022 1301 tactorum
3059 1249 3331 1313 putredinis
3370 1249 3569 1311 expertia

2011 1350 2287 1415 perdurare.
2363 1352 2431 1414 (5)
2462 1350 2599 1400 Multi
2630 1350 2758 1400 enim
2783 1363 2839 1399 ea
2868 1361 3024 1411 neque
3046 1353 3294 1407 cremant,
3320 1360 3478 1409 neque
3502 1346 3569 1394 de·

2009 1449 2225 1507 fodiunt,
2245 1449 2331 1499 sed
2346 1449 2613 1511 sepimeuto
2627 1448 2919 1497 circumdata
2935 1446 3240 1509 relinquunt;
3257 1449 3315 1494 ut
3330 1444 3570 1494 videantur

2009 1549 2241 1609 pei-petuo
2260 1545 2530 1609 putredinis
2549 1558 2700 1593 vacua
2719 1580 2733 1605 ,
2754 1550 2801 1592 et
2828 1544 3131 1607 tiuripideam
3154 1544 3421 1605 Clymenen
3450 1540 3570 1591 refel-

2007 1059 2275 1108 inventum.

2008 1635 2108 1693 lant
2123 1681 2137 1705 ‚
2158 1657 2269 1706 quae
2293 1643 2354 1693 de
2377 1643 2672 1692 Phaethonte
2691 1641 2805 1690 dicit
2821 1678 2834 1702 ,

2280 1835 2385 1880 Non
2407 1835 2533 1879 totus
2552 1834 2678 1878 filius
2701 1832 2816 1878 mihi

2141 1904 2296 1961 aliqua
2320 1905 2366 1948 in
2385 1904 2592 1948 convalle
2610 1902 2938 1959 computrescit
2957 1904 3184 1946 mortuus.

2009 2070 2075 2133 (ὓ)
2100 2069 2266 2120 Sulfur
2287 2082 2480 2132 quoque
2503 2069 2666 2118 tlieion
2692 2068 2759 2131 (id
2781 2074 2857 2117 est
2877 2066 3136 2127 divinum)
3159 2066 3273 2116 inde
3296 2071 3417 2129 puto
3436 2067 3568 2115 nomi-

2007 2164 2173 2208 natum
2188 2195 2202 2219 ‚
2218 2158 2281 2208 ob
2301 2156 2666 2208 similitudinem
2686 2157 2849 2206 odoris
2874 2157 2999 2219 ignei
3022 2159 3073 2205 et
3090 2157 3216 2205 acris
3231 2192 3245 2216 ‚
3266 2169 3416 2217 quem
3443 2154 3572 2204 edunt

2006 2249 2103 2297 icta
2127 2246 2324 2296 fulmine
2361 2260 2596 2309 corpora:
2624 2244 2687 2295 ob
2710 2258 2856 2308 quem
2893 2247 3011 2308 puto
3034 2257 3179 2294 canes
3201 2243 3351 2292 etiam
3384 2256 3573 2306 avesque

2006 2337 2248 2386 abstinere
2292 2334 2610 2385 cadaveribus
2662 2333 2864 2383 fulmine
2923 2345 3285 2395 percussorum.
3377 2332 3446 2395 (7)
3482 2335 3571 2381 Huc

2007 2440 2162 2489 usque
2181 2438 2270 2487 ego
2284 2437 2476 2474 causam
2496 2460 2509 2485 ,
2536 2420 2589 2473 ut
2612 2423 2799 2471 laurum
2819 2458 2833 2483 ,
2849 2434 3082 2470 arrosero.
3151 2419 3357 2482 Reliqua
3379 2419 3500 2468 bunc
3512 2418 3573 2475 ju-

2007 2514 2098 2564 beo
2112 2513 2272 2563 dicere
2283 2550 2297 2574 ‚
2318 2511 2710 2576 quandoquidem
2735 2510 2974 2559 luculente
2997 2506 3120 2556 dixit
3138 2506 3200 2555 de
3214 2506 3469 2556 tuberibus
3486 2521 3497 2552 ι
3522 2518 3572 2552 ne

2007 2602 2137 2653 idem
2166 2602 2307 2652 nobis
2328 2601 2515 2651 occidat
2543 2605 2687 2663 atque
2707 2597 2975 2661 Androcydi
2989 2632 3004 2656 ,
3029 2597 3099 2659 (8)
3126 2596 3269 2658 cujus
3288 2594 3415 2645 inter
3433 2594 3573 2644 omnia

2007 2706 2151 2755 opera
2172 2692 2362 2741 laudem
2399 2688 2763 2754 perfectissimae
2790 2688 2909 2737 artis
2930 2686 3244 2736 obtinuerunt
3284 2686 3445 2747 pisces
3464 2684 3572 2732 circa

2009 2781 2217 2844 Scyllam
2251 2780 2397 2844 picti:
2430 2778 2739 2840 creditusque
2773 2780 2875 2838 est,
2906 2775 3068 2837 utqui
3112 2774 3331 2837 impense
3372 2771 3572 2837 piscibu<

2008 2870 2342 2931 delectaretur,
2380 2867 2532 2929 magis
2570 2867 2659 2915 bac
2693 2866 2838 2914 animi
2877 2864 3158 2923 affectione,
3193 2875 3343 2925 quam
3388 2864 3485 2910 arte
3518 2859 3569 2907 ibi

2012 2959 2162 3009 fuisse
2186 2971 2304 3008 usus
2327 2973 2338 3005 :
2371 2956 2438 3020 (9)
2466 2970 2554 3018 ne,
2579 2956 2806 3017 inquam,
2836 2968 2924 3002 nos
2944 2965 3137 3016 quoque
3159 2950 3337 3013 aliquis
3357 2950 3485 3000 dicat
3505 2960 3570 2996 ve

2011 3049 2193 3110 luptate
2217 3046 2440 3096 inductos
2464 3045 2524 3095 de
2551 3043 2800 3094 tuberibus
2823 3042 3098 3105 disputare,
3127 3045 3383 3102 tamquam
3409 3038 3548 3088 haben

2012 3136 2143 3186 tibus
2165 3138 2522 3185 controversam
2539 3133 2912 3196 generationem.
2979 3135 3041 3181 At
3058 3130 3111 3178 in
3122 3134 3412 3190 argumento
3426 3166 3439 3191 ,
3459 3124 3570 3190 quod

2012 3224 2099 3274 tibi
2119 3237 2277 3287 pone,
2303 3222 2364 3272 de
2395 3223 2594 3272 fulmine
2612 3258 2625 3283 ,
2652 3220 2789 3270 vides
2823 3221 2978 3270 inesse
3009 3231 3123 3267 cum
3160 3217 3418 3267 honestate
3449 3216 3570 3265 etiam

2012 3313 2353 3363 obscuritatem
2378 3325 2538 3360 causae
2554 3347 2567 3371 ,
2592 3323 2702 3374 quae
2725 3308 2788 3358 ad
2809 3307 3157 3371 disputandum
3178 3305 3376 3355 alliciat.

2073 3484 2160 3531 IV.
2183 3485 2284 3543 Ego
2299 3494 2448 3542 quum
2468 3491 2740 3529 recusarem
2755 3476 3092 3540 quaestionem,
3113 3488 3172 3524 ac
3187 3486 3437 3523 monerem
3454 3483 3574 3534 mque

2015 3589 2353 3653 tempestivum
2378 3602 2511 3650 esse,
2539 3587 2590 3636 in
2609 3585 2844 3636 comoedia
2870 3583 3116 3633 machinas
3136 3583 3303 3633 tollere
3318 3588 3371 3632 et
3391 3581 3576 3631 tonitrua

2019 3698 2163 3749 edere
2176 3734 2191 3759 ‚
2212 3702 2360 3761 atque
2377 3697 2429 3747 in
2444 3696 2666 3746 convivio
2684 3695 2745 3745 de
2761 3694 3043 3744 fulminibus
3057 3693 3301 3756 disputare
3322 3706 3336 3741 ι
3359 3692 3411 3742 in
3429 3692 3476 3741 id
3490 3702 3577 3739 con·

2013 3816 2205 3852 sensere
2217 3839 2231 3864 ,
2253 3808 2308 3851 ut
2325 3802 2510 3863 reliqua
2530 3800 2867 3850 omitterentur
2888 3815 2900 3847 :
2920 3798 2980 3847 de
2998 3811 3145 3848 causa
3162 3801 3328 3846 tamen
3340 3833 3356 3859 ,
3374 3797 3438 3847 ob
3450 3807 3577 3858 quain

2014 3907 2306 3957 dormientes
2329 3905 2526 3955 fulmine
2546 3919 2640 3953 non
2668 3904 2940 3963 ferirentur,
2959 3902 3128 3952 audire
3148 3915 3200 3951 se
3215 3900 3403 3964 aliquid
3427 3912 3572 3964 percu·

2014 4026 2125 4077 pere
2144 4010 2472 4061 ostenderunt.
2537 4009 2604 4072 (2)
2626 4012 2724 4071 Ego
2748 4007 2939 4057 tametsi
2963 4006 3080 4055 nihil
3106 4006 3417 4068 proficerem,
3443 4014 3577 4053 causa

2014 4115 2288 4180 attingenda
2310 4116 2451 4178 cujus
2474 4113 2749 4163 communis
2773 4117 2848 4161 est
2869 4111 2990 4160 ratio
3006 4147 3018 4170 ,
3043 4113 3203 4158 tamen
3225 4109 3314 4158 ista
3340 4108 3438 4157 fere
3459 4104 3575 4154 dixi:

2015 4223 2246 4274 Fulminis
2269 4220 2390 4283 ignis
2415 4218 2620 4269 mirabili
2652 4223 2727 4268 est
2746 4216 3015 4268 subtilitate
3034 4220 3182 4278 atque
3202 4214 3442 4264 tenuitate
3457 4249 3473 4276 ‚
3496 4210 3574 4275 pri-

2016 4342 2143 4377 mam
2163 4326 2324 4377 statim
2345 4324 2575 4387 originem
2599 4337 2658 4372 ex
2682 4335 2801 4385 pura
2824 4326 2872 4370 et
2886 4333 3020 4370 sacra
3045 4319 3317 4369 substantia
3339 4318 3515 4368 babens
3532 4319 3569 4363 el

2014 4429 2249 4496 quidquid
2281 4429 2328 4479 ei
2362 4426 2617 4477 humidum
2637 4430 2722 4474 aut
2740 4427 2964 4474 terrestre
2986 4420 3300 4483 admiscetur,
3323 4421 3373 4469 id
3399 4420 3476 4470 sui
3496 4432 3565 4466 mo

2017 4542 2093 4586 tus
2128 4535 2368 4585 celeritate
2390 4532 2572 4583 excutit
2600 4536 2743 4592 atque
2779 4532 3026 4590 expurgat.
3094 4526 3160 4588 (3)
3192 4525 3343 4576 Nihil
3374 4524 3438 4575 dc
3468 4522 3574 4573 coelc-

353 4635 554 4717 αἰθρίης
594 4630 793 4710 στέΥῑῑν
829 4631 859 4660 ⁴
894 4629 920 4653 *
958 4627 1132 4694 σέλας·
1217 4623 1304 4686 Τὰ
1347 4621 1442 4701 μὲν
1481 4611 1571 4679 Οῧν
1608 4612 1782 4676 πυκνὰ
1807 4618 1927 4723 ,τῶν
2020 4644 2256 4701 tactum,
2284 4643 2342 4686 ut
2364 4637 2433 4687 ait
2463 4635 2949 4697 Democritus,qm·n
2978 4630 3214 4680 cohibeat
3231 4633 3360 4694 puri
3382 4627 3575 4693 aetlieris

354 4725 645 4803 σωμάτων,
697 4716 995 4801 [σίδηρῡς,]
1049 4714 1276 4796 χαλκὸς,
1330 4713 1578 4793 ἄργυρος,
1638 4702 1923 4808 [woffo-33}
2004 4745 2185 4808 jubar.
2248 4742 2454 4792 Proinde
2476 4752 2675 4802 corpora
2701 4740 2846 4787 densa
2877 4741 2932 4786 ut
2957 4735 3165 4797 ferrum,
3186 4748 3287 4795 ms,
3316 4734 3574 4796 argentum,

271 4861 328 4899 ω
356 4812 630 4891 ἀποστέγει
666 4810 757 4869 καὶ
799 4805 1062 4889 φθείρεται
1107 4803 1199 4863 καὶ
1240 4800 1483 4873 τήκεται,
1530 4795 1808 4874 πάσχοντα
1849 4816 1925 4871 τῳ

354 4900 758 4983 προσμάχεσθαι
795 4894 887 4954 καὶ
941 4892 1342 4975 [ἀν]τερείδειν·
1381 4894 1484 4947 τῶν
1526 4885 1568 4943 δ’
1610 4887 1805 4965 ἀραιῶν
1836 4880 1927 4939 καὶ

354 4990 662 5073 πολυπόρων
709 4985 800 5046 καὶ
850 4982 1137 5064 χαλώντων
1185 4980 1286 5037 ὑπὸ
1331 4975 1648 5055 μανότητος,

1968 4815 1973 4837 l

1968 4866 1972 4877 ·
2015 4863 2189 4900 aurum
2208 4848 2422 4911 ,fulmen
2445 4845 2722 4909 excipiunt,
2742 4847 3212 4906 corrumpunturque
3226 4841 3279 4891 et
3295 4839 3572 4903 liquescunt.

1698 4968 1926 5051 ἀψαυστὶ
1970 4952 1973 5013 i
2017 4973 2075 5009 eo
2113 4956 2243 5020 quod
2282 4955 2551 5017 repugnant
2580 4954 2726 5016 atque
2757 4952 3003 5001 resistunt.
3069 4952 3131 4998 At
3153 4960 3240 5011 per
3263 4959 3393 5006 rara,
3423 4941 3574 4993 multis

355 5084 574 5154 διεκθεῖ,
622 5073 863 5153 καθάπερ
914 5068 1141 5145 ἱματίων
1190 5066 1280 5126 καὶ
1329 5062 1494 5134 ξύλων
1541 5059 1698 5118 αὔων·
1752 5056 1819 5115 τὰ
1870 5055 1925 5114 δὲ
1970 5018 1973 5083 l
2017 5063 2297 5116 liiantianue
2323 5059 2591 5117 meatibuS,
2621 5057 2685 5106 ob
2722 5055 2970 5105 laxitatem
3003 5065 3170 5103 eorum
3194 5050 3297 5101 sine
3325 5051 3453 5101 tactu
3492 5046 3573 5094 dis-
