3709 5609
323 1326 372 1365 to

323 1766 370 1803 15

322 2202 375 2238 20

324 2657 376 2693 25

324 3092 377 3131 ³0

325 3538 376 3577 35

322 4426 372 4465 ⁴5

318 4913 371 4951 ου
402 4910 526 4957 των,
560 4886 640 4944 ἐπ’
674 4885 845 4944 ἐκεῖνα
882 4879 1122 4961 πρόσεισι
1149 4875 1336 4947 νεαλὴς
1363 4897 1455 4932 και
1481 4870 1767 4953 πρόθυμος·
1801 4868 1890 4926 ἐὰν
1921 4866 1965 4925 δ’

399 272 509 321 812
1094 250 1105 268 ⁸
1158 257 1811 317 ΣΥιιιιιοΣιΛΚιιΝ
1864 259 2317 318 ιιινοιιΛιιιι.
2373 259 2585 317 nim.
2640 265 2719 335 Δ,
2774 240 2838 317 δ”.
3085 259 3586 339 (mac-maffia

397 391 713 469 δημηγορῶν
747 378 859 447 ε’ἷπε
837 410 908 460 ν,
936 385 1014 444 ὅτι
1042 383 1275 452 πλείονος
1300 385 1658 466 πιπράσκεται
1685 388 1738 443 ἐν
1771 384 1960 464 Ῥώμῃ
2009 400 2019 432 ⁸
2050 395 2228 457 pluris
2251 396 2402 447 vendi
2430 399 2600 445 Romae
2619 398 2816 458 piscem
2844 409 3006 461 quam
3023 397 3213 446 bovem.
3278 399 3461 447 Testam
3478 401 3589 447 enim

399 476 570 556 ἰχθὺς,
597 475 633 547 ἢ
667 481 802 555 βους.
889 471 1157 555 Κεράμιόν
1176 497 1233 532 τε
1251 473 1353 553 γὰρ
1373 475 1606 532 πωλουσι
1630 478 1811 550 τιμῆς,
1835 472 2017 546 ὅσηνξ
2010 484 2255 545 piscium
2280 484 2467 546 plenam
2491 486 2611 534 tanti
2629 485 2872 545 vendunt,
2893 490 3128 547 quantum
3154 484 3233 535 vix
3253 485 3414 536 redeat
3428 501 3479 535 ex
3498 502 3591 536 ceu·

399 567 495 621 o6x
529 563 592 622 ἂν
624 562 894 640 ἑκατόμὸη
927 561 1224 672 βούπρῳρος
1258 561 1412 643 ἄλφοι
1440 562 1821 620 κατακοπεῖσα.
1871 564 1959 638 (ιο)
2054 577 2156 621 tum
2175 573 2346 622 ovibus
2368 578 2417 622 et
2444 587 2540 621 uno
2560 573 2686 622 bove
2703 573 2875 636 capitis
2894 573 2998 623 loco
3022 573 3326 637 praecedeute
3344 575 3486 637 (quod
3514 577 3589 624 suit

404 650 593 713 Καίτοι
631 651 922 760 φαρμάκων
958 651 1226 728 δυνάμεως
1270 654 1298 707 6
1339 647 1713 730 ἰατρικώτατος
1755 650 1964 730 ἄριστος
2053 659 2267 709 sacrificii
2285 661 2495 710 solennis
2512 663 2692 723 genus)
2715 662 2954 711 mactatis.
3020 661 3118 725 (to)
3141 665 3292 712 Porro
3316 668 3369 712 ut
3390 663 3447 711 de
3464 663 3590 713 medi-

398 739 604 823 κριτὴς,
642 764 732 799 και
772 742 944 816 μελῶν
987 742 1175 818 ἀρετῆς
1212 742 1240 795 6
1280 734 1747 818 φιλομουσότατος·
1777 740 1963 796 οὔκουν
2010 729 2015 776 ¹
2051 748 2282 798 camentis
2313 749 2527 799 medicus
2549 751 2795 813 optimuS,
2828 749 2889 799 de
2913 755 3054 799 cantu
3081 750 3289 799 musices
3323 751 3590 800 studiosissi-

399 828 550 887 καὶ’
520 833 707 910 αρετῆς
736 829 895 937 ὄψων,
921 831 948 885 6
973 826 1334 908 φιλοψότατος.
1422 826 1508 902 (ιι)
1544 824 1685 885 Οὐδὲ
1714 823 1815 905 γὰρ
1841 783 2015 884 Πυ-Ι
2010 851 2161 986 Ιιιιυε
2183 838 2362 900 optime
2380 838 2580 900 judicat,
2596 839 2666 887 sic
2688 839 2832 887 etiam
2853 838 2913 887 de
2936 838 3244 888 obsoniorum
3266 840 3526 901 praestantia
3543 840 3592 898 is,

400 916 597 998 θαγόρα
615 941 673 994 γε
698 917 892 976 τούτων
922 915 1037 975 οὐδὲ
1055 913 1376 994 Ξενοκράτει
1411 914 1652 992 διαιτητῇ
1676 937 1876 994 χρηστε
1853 938 1960 972 ..ον·
2010 871 2133 987 'qui
2162 926 2367 975 maxime
2390 926 2448 975 iis
2470 925 2648 974 studet.
2716 929 2756 986 (1
2774 927 2815 988 1)
2841 929 2944 975 Non
2977 926 3105 976 enim
3140 926 3410 989 Pythagora
3433 928 3505 976 liic
3534 942 3591 977 ar·

1669 1003 1880 1025 '''''
2055 1014 2176 1063 bitro
2196 1016 2387 1065 utemur
2409 1017 2494 1063 aut
2517 1018 2781 1063 xenocrate
2806 1029 2819 1062 ε
2843 1014 2925 1062 sed
2948 1020 3183 1077 Antagora
3201 1021 3343 1077 poeta
3358 1052 3373 1074 ,
3392 1021 3440 1065 et
3460 1016 3592 1064 Philo·

2053 1116 2176 1152 xeno
2198 1103 2417 1166 Eryxidis
2429 1103 2546 1163 filio,
2570 1108 2619 1152 et
2637 1103 2918 1166 Androcyde
2938 1104 3136 1167 pictore,
3153 1118 3298 1167 quem
3315 1105 3447 1155 aiunt
3463 1122 3593 1170 quum

2053 1193 2261 1253 scyllam
2296 1193 2533 1255 pingeret,
2567 1194 2722 1255 pisces
2753 1193 2879 1241 circa
2911 1206 3016 1242 eam
3047 1192 3111 1242 ad
3130 1193 3300 1243 vivum
3335 1208 3482 1258 usque
3515 1202 3598 1245 stu·

398 1094 490 1154 καὶ
521 1120 595 1155 τι)
640 1069 895 1178 ζωγράφῳ
928 1073 1271 1175 Ἀνδροκύδῃ,
1305 1092 1361 1151 ὅν
1403 1117 1533 1175 φασι
1574 1093 1671 1163 τὴν
1717 1044 1963 1154 Σκύλλαν

399 1185 795 1293 ζωγραφοῦντα,
821 1182 937 1249 τοὺς
965 1206 1085 1263 περι
1114 1180 1276 1252 αὐτὴν
1302 1182 1447 1259 ἰγθῧς
1469 1178 1844 1256 ἐμπαθέστατα
1874 1203 1963 1238 και

399 1270 794 1340 ζωτικώτατα
766 1273 833 1331 σι’
862 1270 1152 1353 ὄᾳοφαγῖαν
1178 1268 1574 1349 ἐξεργάσασθαι.
1662 1269 1699 1345 (ι
1706 1270 1749 1344 2)
1785 1268 1966 1326 {tvta-
2052 1280 2323 1330 diosissime
2359 1281 2657 1343 expinxisse,
2681 1281 2810 1343 quod
2843 1281 3058 1331 obsoniis
3084 1287 3213 1331 esset
3240 1282 3448 1332 deditus.
3511 1289 3593 1345 (12)

398 1360 528 1470 7693
557 1359 613 1419 δὲ
653 1365 681 1419 ὃ
712 1360 954 1441 βασιλευς
984 1357 1267 1437 Ἀντίγονος
1298 1359 1352 1413 ἐν
1389 1380 1465 1414 τω
1499 1355 1861 1467 στρατοπέδῳ
1869 1358 1964 1414 λο-
2053 1374 2304 1431 Antagorae
2331 1374 2493 1418 antem
2534 1374 2690 1432 poetae
2723 1369 2770 1417 in
2800 1370 2968 1420 castris
2998 1383 3201 1432 congrus
3237 1371 3434 1420 elixanu
3470 1377 3597 1434 atque

399 1448 545 1507 ’Μίδα
573 1448 807 1530 γόγγρων
842 1447 1018 1530 ἕψοντι
1051 1443 1452 1526 περιεζωσμένω
1489 1443 1792 1525 παραστὰς,
1830 1435 1964 1527 Apo?
2053 1457 2266 1507 accincto
2308 1458 2649 1520 superveniens
2690 1458 2957 1519 Antigonus
2994 1472 3105 1519 rex,
3140 1461 3402 1520 Putasne,
3437 1460 3596 1523 inquit,

397 1559 455 1613 ΥΞ
469 1584 484 1611 ,
516 1529 656 1610 εἶπε,
680 1562 769 1597 τον
793 1535 1038 1617 Ὅμηρον
1070 1535 1166 1593 οἴει
1186 1532 1280 1600 τὰς
1302 1538 1392 1592 τοῦ
1423 1531 1808 1612 Ἀγαμέμνονος
1825 1532 1965 1611 πρά·
2055 1550 2333 1596 Homerum
2355 1559 2565 1607 conyros
2595 1550 2891 1610 coquentem
2914 1550 3312 1609 Aqamemnonis
3335 1560 3417 1597 res
3446 1552 3598 1610 qeslas

402 1625 557 1693 ξεις’
528 1624 845 1707 αναγράφειν
869 1623 1116 1729 γόγγρους
1139 1621 1359 1702 ἕψοντα·
1345 1666 1361 1694 ,
1389 1622 1624 1686 κάκεῖνος
1644 1623 1701 1678 06
1726 1617 1962 1700 φαύλως·

401 1711 480 1772 Συ
514 1713 558 1771 δ’
591 1712 774 1786 οἴει,ἕ
745 1735 933 1793 ..φησε,
964 1711 1049 1768 τὸν
1080 1707 1444 1786 Ἀγαμέμνονα
1471 1706 1566 1774 τὰς
1592 1706 1802 1788 πράξεις
1828 1706 1967 1764 ἐκεί-

399 1824 490 1867 νας
523 1800 845 1880 ἐργάσασθαι
872 1799 1439 1877 πολυπραγμονοῦντα,
1480 1794 1558 1862 τίς
1594 1798 1648 1853 ε’ν
1687 1798 1762 1851 τῶ
1803 1816 1966 1874 στρα-

399 1886 603 1966 τοπέδυ)
621 1885 839 1968 γόγγρον
858 1889 1000 1967 ἑψεῖ;
1046 1861 1134 1962 (ιιι)
1118 1882 1347 1961 )Ταυτ’,
1370 1871 1513 1941 εἶπεν
1538 1886 1565 1940 6
1588 1853 1963 1962 Πολυκράτης,

400 1971 503 2050 ἐγω
536 1976 590 2032 δὲ
621 1974 1017 2083 συμὸάλλομαι
1023 1973 1112 2031 καὶ
1136 1970 1200 2043 νὴ
1225 1971 1327 2031 Δία
1349 1973 1456 2038 τοῖς
1481 1969 1887 2048 ἰχθυοπώλαις
1860 1970 1964 2026 απὸ

401 2065 505 2119 τῶν
531 2059 808 2142 μαρτύρων
833 2084 924 2119 και
953 2066 1044 2132 τῆς
1070 2057 1358 2131 συνηθείας.

482 2148 793 2229 Isti-3710
799 2148 883 2219 δὲ,
908 2152 935 2206 6
965 2144 1310 2227 Σύμμαχος”
1281 2169 1408 2226 εφη,
1432 2147 1506 2201 τῶ
1531 2140 1805 2224 πράγματι
1831 2165 1897 2210 με
1875 2141 1965 2199 et&

402 2239 630 2309 σπουδῆς
655 2237 904 2320 πρόσειμι
928 2237 1019 2296 καὶ
1043 2232 1520 2312 διαλεκτικώτερον.
1611 2234 1656 2290 F
1661 2233 1677 2288 ἰ
1704 2230 1805 2311 γὰρ
1838 2230 1965 2311 ὄψων

402 2327 510 2385 ἐστὶ
543 2326 603 2385 τὸ
633 2325 729 2397 τὴν
756 2325 951 2407 τροφὴν
982 2326 1256 2405 ἐφηουνον,
1286 2320 1496 2400 ἄριστον
1531 2318 1592 2377 ἂν
1633 2319 1760 2399 ὄψον
1793 2318 1873 2389 εἴη
1907 2319 1967 2377 τὸ

405 2415 636 2474 μάλιστα
662 2414 757 2486 τὴν
767 2413 996 2524 ὄρεξιν
974 2437 1060 2471 επι
1086 2437 1161 2492 τι)
1190 2409 1318 2490 σίτῳ
1345 2412 1630 2487 κατασχεῖν
1657 2406 1960 2484 δυνάμενον

405 2507 467 2580 (2)
496 2502 712 2579 εὨσπερ
740 2525 828 2560 ουν
858 2506 905 2559 οἱ
931 2495 1430 2580 προσαγορευθέντες
1458 2494 1790 2556 Ἐλπιστικοὶ
1818 2493 1964 2576 φιλό-

403 2613 552 2671 eoem
573 2587 1016 2647 συνεκτικώτατον
1054 2578 1185 2645 εἶναι
1211 2592 1301 2644 τοῦ
1328 2585 1442 2664 βίον
1470 2606 1530 2641 το
1572 2582 1794 2651 ἐλπῑζεῑν
1834 2607 1965 2642 απθ·
2056 2611 2271 2675 Elpistici
2294 2610 2409 2659 dicti
2430 2613 2571 2671 sunt,
2592 2609 2710 2658 nihil
2733 2621 2841 2658 esse
2865 2609 3299 2672 pronunciaverunt
3322 2607 3448 2670 quod
3475 2610 3598 2655 vitam

404 2678 708 2759 Ῠωῖνονταῑ
721 2676 767 2757 ⁹]
795 2700 870 2756 τῳ
897 2675 1128 2747 ἀπουσης
1155 2672 1360 2739 ἐλπιδος
1383 2673 1488 2731 Οὐδ
1518 2668 1806 2741 ἡδυνούσης
1842 2670 1966 2751 [Ουκ
2056 2709 2207 2771 magis
2228 2709 2469 2758 contineat
2499 2716 2643 2769 atque
2675 2720 2784 2768 spes
2803 2743 2817 2767 ,
2850 2719 2946 2768 qua
2969 2705 3218 2755 deserente
3255 2719 3345 2756 neo
3374 2705 3599 2753 condiente

405 2765 467 2847 oi]
479 2764 656 2824 νεκτὸν
686 2755 818 2823 εἶναι
841 2763 929 2822 τὸν
966 2761 1093 2842 βίον,
1123 2760 1258 2821 οὕτω
1289 2758 1381 2818 καὶ
1411 2762 1505 2829 τῆς
1533 2756 1620 2815 ἐπὶ
1652 2760 1747 2829 τὴν
1770 2757 1964 2839 τροφὴν

403 2853 515 2936 ὀρέ
493 2878 617 2923 ςεως
645 2852 943 2913 συνεκτικὸν
977 2849 1164 2922 θετέον,
1193 2841 1253 2908 οὗ
1288 2846 1362 2925 μὴ
1385 2845 1639 2927 παρόντος
1668 2845 1857 2925 ἄχαρις
1884 2845 1967 2923 γί-

404 2967 546 3003 νεται
570 2941 738 3025 τροφὴ
761 2966 910 3001 πασα
941 2934 1541 3020 καὶ“ουσπρο’([σοιστος].
1630 2938 1687 3011 (3)
1719 2937 1841 2993 'li-”m
1872 2934 1936 3011 μὲ
1940 2959 1966 2991 ν

405 3022 494 3090 ουν
517 3033 576 3089 ἐκ
604 3036 700 3109 γῆς
721 3036 950 3089 τοιοῦτον
976 3025 1092 3084 οὐδὲ
1071 3049 1120 3081 ν
1150 3024 1408 3105 εὑρήσεις·
1442 3027 1546 3081 τῶν
1580 3020 1636 3079 δὲ
1672 3020 1965 3080 θαλαττίων

402 3118 463 3178 τὸ
487 3117 617 3185 ἅλας
635 3123 873 3199 πρῶτον,
894 3107 976 3195 [06
999 3112 1183 3194 χωρις]
1203 3110 1417 3181 οὗδὲν,“
1390 3135 1457 3177 ως
1476 3108 1596 3175 ἔπος
1619 3111 1752 3166 εἰπε”
1710 3131 1799 3179 ειν,
1825 3107 1965 3166 ἐστιν

405 3208 676 3284 ἐδώδιμον·
702 3204 838 3265 ἀλλὰ
863 3204 954 3264 καὶ
975 3202 1063 3261 τὸν
1089 3201 1245 3283 ἄρτον
1270 3191 1415 3265 οὗτος
1444 3196 1824 3275 ἐμμιγνύμενος
1844 3220 1965 3255 συν-

403 3295 556 3369 ηδύνε
563 3322 595 3354 ι.
695 3297 752 3373 (4)
789 3294 885 3355 Διὸ
916 3316 1006 3352 και
1041 3289 1321 3370 Δήμητρος
1354 3284 1571 3352 σύνναος
1607 3289 1636 3344 6
1675 3286 1967 3356 Ποσειδῶν,

405 3410 493 3445 και
518 3388 622 3444 τῶν
653 3385 825 3444 ἄλλων
854 3382 995 3463 ὄψων
1023 3383 1070 3438 οἱ
1109 3377 1229 3444 ἅλες
1258 3376 1403 3448 ἥδιον
1433 3374 1559 3457 ὄψον
1588 3371 1741 3433 εἰσίν·
1766 3375 1813 3431 οἱ
1843 3377 1967 3450 γοῦν

403 3471 570 3552 ἥρωες
597 3474 831 3539 εὐτελοῦς
852 3494 941 3529 και
966 3473 1115 3538 λιτῆς
1144 3462 1387 3531 ἐθάδες“
1350 3486 1530 3542 ωσπερ
1567 3459 1797 3532 ἀσκηται
1825 3457 1968 3516 διαί-

402 3584 496 3631 της
517 3560 685 3633 ὄντες,
713 3560 805 3619 καὶ
831 3564 924 3630 τῆς
950 3559 1144 3640 τροφῆς
1181 3563 1359 3613 πᾶσαν
1387 3548 1577 3624 ἡδονὴν
1607 3547 1841 3607 ἐπίθετον
1878 3570 1968 3605 και

402 3647 671 3729 περίεργον
693 3645 1042 3728 ἄφελόντες,’
1016 3668 1086 3710 ως
1110 3641 1230 3718 μηδ’
1253 3636 1430 3719 ἰχθύσι
1456 3642 1685 3717 χρῆσθαι
1710 3633 1858 3714 παρὰ
1878 3634 1965 3692 τὸν

403 3737 795 3809 Ἑλλήσποντον
845 3728 1371 3814 στρατοπεδεύοντες,
1425 3729 1524 3804 οὐχ
1573 3722 1860 3799 ὑπέμειναν
1900 3719 1967 3779 τὰ

401 3825 531 3895 κρέα
548 3824 709 3906 χωρὶς
729 3826 869 3883 ἁλῶν
887 3819 1298 3902 προσφέρεσθαι,
1319 3818 1696 3896 μαρτυροῦντες
1717 3810 1796 3868 ὄτι
1814 3815 1967 3868 τοῦτο

350 3919 505 4023 0τιῖἰν
534 3915 674 3994 ὄψων
704 3911 858 3990 μόνον
889 3905 1247 3991 ἀπαραίτητόν
1276 3908 1433 3962 ἐστιν.
1545 3903 1605 3978 (5)
1642 3899 1734 3965 Ὡς
1766 3900 1868 3978 γὰρ
1902 3895 1968 3955 τὰ

350 3986 662 4084 Οχρώματα
717 3999 971 4082 [φωῖτὸς,
1014 3994 1175 4060 ουτως
1220 3996 1268 4051 οἳ
1311 3989 1475 4072 χυμοὶ
1521 3986 1715 4069 [ἇ]λὸς
1761 3984 1967 4043 δέονται

399 4114 527 4173 προς
557 4089 617 4149 τὸ
646 4087 918 4171 [κινῆ]σαι
951 4085 1045 4156 τὴν
1076 4082 1343 4154 αἴσθησιν·
1372 4078 1478 4136 *εἴ
1501 4072 1606 4162 [δὲ]
1648 4073 1752 4153 μὴ,
1795 4075 1968 4153 βαρεῖς

401 4178 669 4257 τηγεύσει
689 4173 1080 4258 προσπίπτουσι
1100 4170 1190 4230 καὶ
1212 4165 1527 4232 ναυτιώδεις.
1572 4166 1632 4241 (ο)
1616 4161 1839 4241 )Νε’κυες
1864 4159 1965 4242 γὰρ

401 4266 628 4348 κοπρίων
653 4264 936 4338 ἐκωητθῖῑ
913 4285 1050 4342 ‘2902
1076 4258 1190 4319 καθ
1217 4254 1587 4337 Ηράκλεῑτθν
1607 4249 1764 4332 κρέας
1786 4247 1840 4307 δὲ
1860 4258 1965 4306 πᾶν
2062 4269 2332 4320 cadavera
2369 4267 2510 4315 enim
2541 4263 2710 4323 niaqis
2741 4260 2869 4307 sunt
2904 4252 3201 4317 abjicienda
3238 4264 3402 4317 quam
3423 4250 3597 4313 fimus,

400 4379 579 4437 νΕκΡΟν
611 4358 749 4427 ἐστιν
777 4377 868 4412 και
893 4374 1076 4432 νεκροῦ
1117 4345 1293 4455 latim}
1322 4348 1356 4415 ἡ
1395 4340 1450 4402 δὲ
1485 4345 1588 4400 τῶν
1627 4340 1765 4397 ἅλων
1805 4335 1966 4395 δυνα·
2053 4366 2210 4416 aiebat
2227 4362 2524 4414 Heraclitus.
2542 4357 2833 4409 omnisvero
2851 4366 2963 4402 caro
2981 4357 3171 4401 mortua
3188 4352 3290 4411 est,
3310 4353 3360 4398 et
3379 4341 3600 4398 cadaveris

401 4468 513 4524 μῑςν
538 4444 718 4523 ὥσΓΕΡ
735 4401 891 4523 ,ψυχὴ
919 4433 1350 4519 παραγενομένη’
1374 4430 1530 4511 ’Χάριν
1560 4451 1701 4504 αντῳ
1727 4424 1817 4484 καὶ
1840 4426 1965 4496 ἡδο·
2055 4477 2203 4529 pars:
2232 4461 2346 4511 salis
2368 4462 2533 4509 autem
2566 4456 2642 4505 vis
2677 4459 2903 4516 tanquam
2927 4450 3088 4500 anima
3109 4446 3486 4511 supet-tremene,
3516 4451 3599 4502 gm-

398 4534 494 4605 νὴν
517 4532 845 4612 προστίθησι·
902 4531 960 4607 (7)
988 4527 1082 4588 Am
1109 4524 1201 4585 καὶ
1223 4518 1659 4605 προλαμὸάνουσι
1682 4520 1776 4586 τῆς
1802 4513 1967 4589 ἄλλης
2054 4562 2169 4611 tiam
2192 4559 2237 4609 ei
2259 4572 2318 4608 ac
2339 4557 2636 4619 voluptatem
2663 4550 2902 4601 conciliat.
2970 4547 3037 4611 (7)
3058 4549 3226 4607 Itaque
3248 4541 3395 4593 etiam
3422 4538 3537 4589 acria
3560 4538 3600 4582 et

400 4644 593 4702 τροφης
619 4618 687 4677 τὰ
716 4616 904 4698 δριμέα
931 4615 1022 4675 καὶ
1054 4613 1118 4673 τὰ
1151 4608 1364 4694 ἁλμυρὰ
1378 4656 1395 4686 ’
1435 4608 1525 4668 καὶ
1554 4604 1687 4671 ὅλως
1719 4602 1817 4662 ὅσα
1854 4600 1964 4680 μά..
2055 4658 2178 4708 salsa
2204 4660 2316 4705 ante
2342 4652 2502 4704 cibum
2531 4652 2757 4708 sumunt,
2781 4651 2830 4694 et
2852 4643 3048 4694 omnino
3068 4640 3248 4705 quibus
3272 4638 3524 4702 plurimum
3545 4643 3599 4680 sa·

401 4713 557 4768 λιστα
585 4712 686 4766 τῶν
717 4708 859 4765 ἁλῶν
885 4704 1205 4782 μετέσχηκε·
1229 4701 1427 4781 γίνεται
1449 4694 1552 4776 γὰρ
1576 4694 1766 4776 φίλτρα
1793 4697 1964 4750 ταῦτα

401 4803 467 4879 τῇ
496 4797 658 4881 ὀρέξει
684 4795 813 4878 πρὸς
840 4794 910 4853 τὰ
935 4793 1070 4850 ἄλλα
1096 4790 1227 4871 ὄψ,α
1257 4787 1348 4847 καὶ
1378 4786 1713 4845 δελεασθεῖσα
1739 4779 1826 4839 διὰ
1853 4778 1967 4837 τού-

2055 1636 2420 1698 descripsisse?
2448 1640 2497 1685 et
2516 1635 2594 1684 ille
2612 1648 2706 1685 uon
2727 1636 2885 1698 inepte
2908 1634 3180 1699 respondit,
3211 1639 3284 1686 Tu
3312 1649 3430 1685 vero
3454 1640 3596 1699 putus

2053 1728 2485 1786 Aqamemnonem
2511 1737 2591 1773 res
2621 1727 2754 1773 istas
2782 1726 3027 1785 cessisse,
3068 1726 3270 1773 curiose
3305 1725 3598 1788 inquirendo

2054 1816 2174 1876 quis
2193 1815 2248 1862 in
2271 1815 2461 1862 castris
2483 1826 2696 1875 conyros
2720 1813 2949 1861 elimaret
2964 1818 2994 1861 Ρ
3059 1813 3159 1873 (13)
3191 1815 3332 1872 Hinc,
3358 1813 3510 1876 inquit
3527 1817 3596 1862 Po-

2055 1900 2257 1962 lycrates
2271 1936 2284 1959 ,
2305 1913 2393 1962 ego
2417 1913 2503 1962 pro
2523 1898 2723 1961 piscium
2746 1899 3006 1961 patrocinio
3028 1900 3196 1958 attuli,
3220 1900 3373 1950 fretus
3409 1905 3459 1951 et
3485 1903 3597 1950 testi-

2054 1990 2217 2038 monio
2235 1990 2390 2052 pisces
2410 1989 2720 2039 vendentium
2734 2025 2748 2048 ‚
2770 1994 2821 2039 et
2838 1989 3205 2039 consuetudine.

2114 2108 2199 2154 111.
2236 2108 2335 2166 Ego
2355 2117 2494 2165 vero,
2527 2104 2595 2152 ait
2617 2104 2962 2166 SymmacltuS,
2982 2104 3106 2154 serio
3129 2119 3232 2154 rem
3265 2119 3323 2154 ac
3346 2107 3497 2168 magis
3517 2106 3598 2154 dia·

2056 2208 2219 2258 lectice
2252 2208 2513 2271 aggrediar.
2580 2210 2698 2257 Nam
2728 2207 2770 2256 si
2801 2206 2848 2255 id
2884 2211 2958 2256 est
2980 2207 3262 2268 obsonium,
3299 2208 3427 2270 quod
3460 2209 3598 2259 cibum

2056 2310 2212 2360 reddit
2249 2309 2547 2369 suaviorem;
2590 2309 2759 2371 utique
2798 2309 3034 2372 optimum
3073 2308 3123 2357 id
3161 2310 3305 2358 suerit
3339 2310 3598 2368 obsonium,

2056 2515 2180 2563 sicut
2219 2512 2519 2575 philosophi,
2561 2511 2642 2573 qui
2680 2526 2707 2560 a
2749 2524 2863 2575 spe,
2904 2523 3052 2575 quam
3099 2511 3238 2560 unice
3271 2511 3598 2574 praedicabant,

2054 2819 2189 2866 eam,
2213 2806 2313 2856 vita
2341 2805 2403 2855 sit
2426 2804 2736 2853 intolerabilis
2763 2818 2775 2851 ε
2800 2803 2866 2852 ita
2890 2803 3032 2852 etiam
3050 2802 3112 2851 ad
3135 2803 3298 2852 cibum
3320 2801 3366 2851 id
3394 2814 3598 2864 ponemus

2054 2905 2319 2968 appetitum
2347 2903 2614 2963 continere,
2649 2902 2751 2950 sine
2782 2915 2878 2963 quo
2906 2900 3043 2949 cibus
3073 2898 3211 2961 plane
3241 2900 3453 2962 ingratus
3478 2902 3521 2948 et
3546 2898 3598 2945 in-

2055 3001 2338 3053 commodus
2370 3001 2433 3050 sit
2462 3000 2667 3049 futurus.
2734 2998 2799 3060 (3)
2827 3002 2886 3048 At
2914 3010 3079 3046 eorum
3102 3009 3212 3060 qum
3238 3003 3363 3045 terra
3387 2995 3595 3057 suggerit,

2056 3099 2173 3149 nibil
2193 3098 2288 3148 tale
2307 3098 2522 3146 invenies
2544 3112 2554 3143 :
2580 3109 2708 3144 mare
2729 3109 2842 3144 vero
2862 3094 3017 3157 primo
3036 3092 3183 3142 salem
3205 3091 3504 3155 suppeditat,
3522 3103 3597 3149 quo

2056 3197 2236 3259 absque
2270 3195 2387 3244 nibil
2420 3194 2518 3243 fere
2549 3195 2624 3242 est
2654 3192 2786 3252 esui;
2811 3191 2853 3240 is
2877 3204 2993 3240 vero
3014 3189 3261 3239 admixtus
3287 3188 3447 3253 ipsum
3476 3188 3595 3237 etiam

2057 3308 2228 3358 panem
2248 3291 2426 3341 condit.
2477 3289 2543 3354 (4)
2561 3294 2730 3352 ltaque
2750 3288 2918 3337 eodem
2940 3287 2988 3336 in
3009 3286 3119 3335 sano
3138 3290 3395 3349 Neptunus
3414 3291 3460 3335 et
3477 3288 3597 3334 cem

2058 3391 2310 3440 habentur.
2394 3386 2576 3439 Deinde
2621 3386 2818 3448 reliquis
2862 3384 3075 3434 obsoniis
3116 3384 3243 3433 sales
3286 3382 3474 3432 dulcius
3508 3384 3598 3428 sunt

2056 3489 2326 3538 obsonium.
2391 3488 2514 3535 Nam
2545 3485 2715 3532 beroes
2745 3482 2873 3532 tenui
2901 3486 2949 3530 et
2982 3480 3149 3542 frugali
3176 3484 3367 3530 utentes
3390 3480 3535 3534 victu,
3558 3481 3597 3522 ut

2057 3570 2385 3636 exercitationi
2405 3582 2617 3642 adsueti,
2643 3592 2932 3641 omnemque
2955 3577 3207 3626 ascititiam
3235 3580 3284 3624 et
3313 3576 3508 3625 otiosam
3534 3585 3598 3619 vo-

2057 3685 2290 3746 luptatem
2316 3695 2345 3731 a
2371 3680 2550 3729 mensis
2573 3682 2789 3727 arcentes
2819 3676 2946 3736 suis,
2982 3675 3048 3724 ita
3073 3674 3269 3738 quidem
3297 3675 3354 3723 ut
3372 3672 3533 3722 castris
3551 3667 3598 3716 ad

2057 3782 2416 3843 Hellespontum
2444 3776 2635 3839 positis,
2667 3778 2824 3824 tamen
2850 3771 3062 3836 piscibus
3085 3770 3382 3819 abstinerent
3417 3784 3429 3815 ε
3458 3777 3601 3816 carnes

2056 3878 2366 3929 nihilominus
2394 3875 2576 3937 absque
2603 3874 2700 3923 sale
2719 3872 2860 3922 edere
2883 3884 2977 3919 non
3006 3868 3367 3925 sustinueruut3
3397 3866 3601 3916 testantes

2055 3976 2105 4026 id
2127 3975 2282 4026 solum
2305 3972 2560 4021 obsonium
2581 3969 2821 4033 repudiari
2840 3982 2934 4018 non
2955 3979 3109 4030 posse.
3179 3964 3245 4027 (5)
3268 3967 3333 4014 Ut
3352 3963 3479 4012 enim
3496 3959 3600 4009 colo·

2010 4387 2014 4576 ἒ

2010 4595 2014 4649 l

2054 4852 2226 4913 hisque
2245 4848 2324 4897 ille
2342 4844 2584 4905 delinitus,
2603 4841 2665 4891 ad
2679 4840 2860 4902 reliqua
2873 4837 3045 4888 alacris
3062 4846 3324 4897 recensque
3339 4845 3391 4882 se
3404 4829 3571 4880 confert
3585 4837 3594 4869 τ

403 4975 494 5034 ἀπ’
524 4973 731 5033 ἐκείνων
763 4971 1010 5052 ἄρξηται,
1034 4965 1234 5047 ταχέως
1257 4961 1591 5043 ἀπαγορεύει.
1679 4959 1737 5036 (8)
1765 4958 1847 5017 Οὗ
1872 4953 1966 5031 μό-
2055 4950 2098 5001 si
2124 4961 2244 4998 vero
2269 4946 2330 4996 ab
2356 4945 2462 4995 aliis
2489 4940 2713 5005 incipiat,
2739 4952 2850 4987 mox
2877 4932 3187 4997 elanguescit.
3250 4931 3318 4993 (8)
3343 4924 3518 5034 Nonad
3546 4922 3596 5024 ci:

402 5088 486 5124 νον
513 5062 682 5123 τοίνυν
711 5060 887 5136 πρὸς.
862 5057 957 5131 τὴν
986 5055 1197 5138 τροφὴν,
1216 5051 1354 5112 ἄλλα
1374 5050 1465 5109 καὶ
1484 5047 1611 5129 πρὸς
1629 5046 1806 5118 ποτὸν,
1830 5044 1956 5124 ὄψον
2054 5050 2170 5098 bum
2197 5044 2396 5109 proinde
2423 5042 2686 5099 duntaxat,
2719 5036 2800 5087 sed
2826 5034 2886 5084 ad
2910 5037 3080 5097 potum
3113 5041 3308 5094 quoque
3329 5024 3593 5076 conmmentt
3679 5068 3680 5071 ,

518 5468 524 5476 .

504 5474 607 5570 Β·

584 5561 614 5570 ..

2055 2413 2183 2476 quod
2218 2412 2427 2462 maxime
2448 2411 2660 2460 detinere
2691 2410 2955 2474 appetitum
2990 2409 3040 2459 in
3062 2409 3169 2460 cibe
3193 2410 3339 2459 valet.
3405 2410 3474 2471 (2)
3497 2413 3599 2469 Ergo
3694 2418 3696 2452 ÷

2056 4087 2133 4124 res
2166 4070 2346 4121 lumine
2363 4105 2378 4131 ,
2404 4070 2471 4119 ita
2504 4079 2701 4131 sapores
2725 4065 2823 4115 sale
2845 4077 2968 4127 opus
2992 4062 3196 4120 babent,
3231 4065 3285 4109 ιιι
3307 4071 3499 4109 sensum
3520 4054 3601 4104 affi-
3685 4103 3686 4113 ¹

2055 4173 2227 4223 ciant:
2252 4169 2327 4217 sin
2352 4167 2536 4227 minus,
2566 4176 2736 4226 grates
2762 4159 2919 4223 gustui
2952 4162 3001 4208 et
3032 4155 3223 4206 molesti
3254 4154 3492 4204 accidunt.
3548 4149 3600 4209 (6)
3685 4143 3686 4152 ’

2054 4757 2115 4807 lis
2141 4754 2279 4804 adest
2308 4766 2322 4800 ε
2355 4750 2462 4799 haec
2492 4747 2620 4797 enim
2643 4743 2861 4794 alliciunt
2887 4739 3155 4804 appetitum
3185 4736 3245 4787 ad
3274 4736 3367 4785 alia
3394 4730 3594 4787 obsonia,
3681 4764 3682 4781 ,
