3709 5609
172 276 309 352 (100⁷,
332 294 497 338 n—F.
527 296 650 348 toos,
672 296 734 348 A,
761 278 834 354 Β.)

169 404 268 463 οὐδὲ
303 403 397 483 γὰρ
437 403 605 483 τάξις,
644 405 760 465 οὐδὲ
811 405 999 489 μέτρον
1042 408 1207 482 οὐδὲν,
1251 410 1368 471 οὐδὲ
1406 414 1698 495 διορισμὸς,

1228 281 1681 346 PLATONICAE
1722 290 2247 361 QUAESTJONES.

3201 329 3340 377 1233

1787 442 1944 495 neque
1968 430 2206 496 delinitio,
2231 436 2317 486 sed
2352 442 2513 491 motus
2545 441 2785 506 inlinituS,
2812 451 3038 511 tanquam
3062 451 3276 505 informis
3300 465 3344 505 el

165 492 285 551 ἀλλὰ
312 491 500 564 κίνησις
514 493 774 575 ἀόριστος,
797 492 976 577 ὥσπερ
1000 496 1231 580 ἄμορφος
1257 500 1356 574 ὕλη
1391 502 1580 584 χρόνου
1608 503 1699 563 καὶ
1787 516 1923 568 rudis
1938 521 2135 571 materia
2148 526 2382 588 temporis
2404 542 2417 576 :
2439 542 2549 591 quae
2564 532 2713 581 motio
2724 546 2874 596 quum
2889 535 3060 589 deinde
3075 540 3237 602 liguris
3252 557 3344 593 ma·

166 580 555 658 ἀσχημάτιστος·
598 580 927 643 ἐπικλύσασα
959 587 1003 643 δ’
1050 588 1105 644 ἐν
1139 587 1274 670 χρόα
1321 591 1413 649 καὶ
1453 591 1699 651 καταόα-
1789 605 1985 668 teriam,
2006 614 2192 660 motum
2206 615 2603 667 conversionibus
2622 631 2705 668 seu
2722 621 3085 676 circuitionibus
3105 627 3348 681 informas*

1740 737 1745 771 γ
1785 696 1888 755 set,
1912 708 1969 744 ex
1995 696 2146 748 altero
2171 701 2439 764 mundum,
2468 718 2529 754 ex
2551 706 2701 757 altero
2726 714 2913 774 tempus
2942 713 3067 764 fecit.
3135 718 3204 779 (6)
3231 722 3348 769 lula-

163 672 335 741 λοῦσα,
357 669 450 740 τὴν
480 670 572 747 μὲν
603 669 732 743 ῦλην
762 670 1037 751 σχήμασι,
1064 672 1161 746 τὴν
1195 675 1248 734 δὲ
1277 676 1481 751 κίνησιν
1521 680 1697 763 περιό-

116 772 138 810 t
165 757 282 828 δοις,
308 755 398 828 τὴν
432 758 526 831 μὲν
553 758 749 837 κόσμον
791 759 932 837 ἅμα,
966 762 1061 832 τὴν
1102 762 1156 821 δὲ
1196 763 1384 844 χρόνον
1429 766 1693 840 ἐποίησεν.

163 846 215 919 (ο)
245 844 437 912 Εἰκόνες
463 844 518 903 δέ
558 849 686 905 εἰσιν
717 845 878 929 άμφω
913 855 1004 909 τοῦ
1033 855 1181 928 θεοῦ,
1211 859 1305 925 τῆς
1333 852 1427 931 μὲν
1457 856 1636 923 οὐσίας
1669 860 1697 915 6

1740 773 1745 794 l

1740 841 1744 865 Ι

1739 873 1745 949 i

1783 780 1917 843 gines
1940 785 2101 834 autem
2123 787 2266 837 ambo
2288 789 2391 839 liaec
2412 796 2526 842 sunt
2544 793 2619 843 dei
2637 809 2650 843 ε
2666 796 2948 849 substanti-'n
2964 802 3195 863 mundus,
3214 813 3304 854 aelt*
3312 825 3344 853 νε

1783 869 1950 920 nitatis
1970 874 2162 936 tempus
2185 877 2234 925 in
2255 883 2387 929 motu
2403 916 2417 939 ‚
2435 880 2559 931 sicut
2580 882 2629 931 in
2645 887 2753 934 ortu
2775 888 2982 937 mundus
3000 894 3075 938 est
3093 891 3230 943 deus.
3256 901 3344 945 lla*

157 931 351 1009 κόσμος,
374 938 463 1004 τ’ἧς
490 934 534 991 δ’
553 934 840 1007 ἀϊδιότητος
861 940 890 995 6
917 936 1098 1018 χρόνος
1125 942 1176 998 ἐν
1207 942 1438 1019 κινήσει,
1460 943 1697 1027 καθάπερ
1783 971 1879 1021 que
1897 960 2041 1011 simul
2067 966 2172 1013 orta
2190 965 2365 1015 omium
2379 973 2429 1016 et
2451 972 2635 1020 motum
2653 973 2796 1022 simul
2819 975 3136 1040 aitdesitura,
3151 985 3344 1043 quamln

159 1021 204 1077 ἐν
227 1020 411 1096 γενέσει
430 1022 537 1089 θεὸς
559 1026 586 1080 6
608 1022 820 1100 κόσμος.
902 1022 1065 1087 “Ὀθεν
1088 1031 1220 1103 ὁμοῦ
1243 1033 1516 1107 γεγονότας
1539 1033 1695 1114 φησὶν

156 1111 272 1185 ὁμοῦ
295 1108 380 1167 καὶ
417 1108 732 1181 λυθήσεσθαι
772 1111 954 1185 πάλιν,
999 1114 1064 1173 ἄν
1101 1139 1179 1182 τις
1206 1118 1390 1187 αὐτοὺς
1416 1124 1696 1199 καταλαμ-

90 1211 133 1252 ῖο
157 1194 275 1275 Θάνῃ
300 1196 456 1264 λύσις.
545 1197 606 1276 (7)
637 1201 718 1259 Οὐ
749 1198 852 1280 γὰρ
879 1192 985 1260 οἶόν
1019 1226 1075 1261 τε
1105 1196 1284 1286 [εἶναι]
1317 1207 1480 1290 χωρὶς
1505 1207 1696 1291 χρόνου

150 1283 202 1343 τὸ
223 1283 444 1362 γενητὸν,
475 1283 657 1368 ὥσπερ
685 1287 803 1347 οὐδὲ
838 1286 898 1348 τὸ
939 1291 1139 1364 νοητὸν,
1184 1297 1391 1362 αἰῶνος·
1431 1299 1475 1356 εἷ
1514 1297 1695 1376 μέλλει

149 1373 201 1431 τὸ
228 1371 358 1452 [μὲν]
404 1372 488 1433 ἀεὶ
516 1372 708 1452 μένειν,
735 1375 797 1433 τὸ
826 1374 882 1435 δὲ
922 1378 1184 1454 μηδέποτε
1222 1383 1524 1444 διαλύεσθαι
1549 1385 1694 1463 γινό-

149 1483 306 1536 μενον.
393 1461 455 1539 (s)
512 1461 696 1531 Οὕτως
735 1455 826 1524 οῦν
869 1466 1160 1545 ἀναγκαίαν
1209 1471 1337 1552 πρὸς
1362 1471 1447 1530 τὸν
1476 1472 1694 1555 οὔρανὸν

148 1547 268 1625 ἔχων
294 1548 602 1625 συμπλοκὴν
625 1550 716 1610 καὶ
745 1553 1077 1633 συναρμογὴν
1099 1558 1128 1614 6
1151 1557 1362 1639 χρόνος,
1387 1563 1486 1641 οὐχ
1514 1562 1695 1631 ἅπλῶς

82 1652 121 1690 1⁶
147 1635 289 1713 [ἐστὶ]
331 1635 554 1710 κίνησις,
586 1638 730 1711 ἀλλ’,
756 1636 938 1722 ὥσπερ
974 1640 1206 1723 εἴρηται,
1239 1644 1441 1718 κίνησις
1470 1651 1524 1706 ἐν
1551 1647 1692 1717 τάξει

144 1722 314 1803 μέτρον
353 1725 550 1805 ἐχούσῃ
580 1724 672 1784 καὶ
699 1725 903 1807 πέρατα
938 1727 1031 1787 καὶ
1076 1731 1370 1809 περιόδους·
1455 1736 1514 1814 (9)
1550 1728 1622 1795 ὧν
1665 1741 1693 1796 6

141 1810 268 1879 ἥλιος
291 1810 575 1885 ἐπιστάτης
600 1811 673 1873 ὢν
709 1813 800 1873 καὶ
828 1816 1047 1890 σκοπὸς,
1072 1818 1258 1900 ὁρίζειν
1284 1820 1375 1880 καὶ
1418 1821 1691 1902 βραὸεύειν

141 1898 218 1954 καὶ
237 1899 595 1960 ἀναδεικνύναι
621 1900 713 1961 καὶ
755 1902 1057 1985 ἀναφαίνειν
1082 1906 1379 1985 μεταὸολὰς
1405 1909 1498 1969 καὶ
1523 1909 1690 1992 ὥρας,

140 1983 191 2042 αἳ
215 1986 382 2045 πάντα
408 1987 650 2069 φέρουσι,
676 1989 792 2049 καθ’
808 1989 1170 2074 Ἡράκλειτον,
1194 1995 1309 2055 οὐδὲ
1334 1995 1546 2078 φαύλων
1573 1996 1689 2056 οὐδὲ

72 2086 112 2124 2⁰
138 2077 341 2153 μικρῶν,
373 2074 516 2135 ἀλλὰ
546 2081 651 2137 τῶν
676 2075 938 2155 μεγίστων
966 2078 1060 2138 καὶ
1087 2083 1424 2163 κυριωτάτων
1451 2088 1527 2167 τῷ
1557 2090 1687 2163 ἡγε-

136 2159 242 2237 μόνι
263 2161 351 2222 καὶ
376 2161 575 2247 πρώτῳ
600 2169 701 2247 θεῷ
727 2164 924 2245 γίνεται
947 2168 1204 2251 συνεργός.

673 2447 998 2507 ΖΠΤΙΙΜΑ
1041 2446 1128 2507 O'.

201 2602 239 2660 1.
284 2601 419 2683 Περὶ
449 2604 555 2659 τῶν
578 2605 672 2671 τῆς
695 2603 865 2681 ψυχῆς
889 2600 1158 2679 δυνάμεων
1184 2604 1236 2661 ἕν
1257 2604 1508 2689 Πολιτεία
1542 2609 1690 2671 HM·

127 2711 273 2757 τωνος
293 2689 387 2761 τὴν
412 2696 508 2749 τοῦ
531 2690 742 2765 λογικοῦ
766 2689 856 2747 καὶ
880 2691 1175 2765 θυμοειδοῦς
1196 2692 1287 2752 καὶ
1314 2696 1687 2774 ἐπιθυμητικοῦ

61 2794 100 2831 2⁵
128 2778 420 2859 συμφωνίαν
447 2776 679 2857 ἁρμονίᾳ
708 2776 872 2855 μέσης
900 2777 992 2836 καὶ
1027 2777 1226 2851 ὑπάτης
1248 2780 1338 2839 καὶ
1359 2781 1519 2854 νήτης
1543 2783 1686 2844 εἰκά-

126 2889 297 2933 σαντος
325 2866 551 2948 ἄριστα,
580 2863 941 2945 διαπορήσειεν
989 2865 1051 2923 ἄν
1094 2891 1204 2945 τις,
1231 2896 1255 2920 ι
1284 2867 1499 2949 πότερον
1548 2872 1686 2930 κατὰ

124 2958 207 3024 ’.ἧς
231 2953 396 3031 μέσης
418 2955 482 3013 τὸ
512 2949 830 3031 θυμοειδὲςῆ
858 2952 918 3013 τὸ
935 2954 1230 3032 λογιστικὸν
1252 2954 1453 3025 ἔταξεν·
1483 2987 1505 3009 υ
1533 2961 1685 3027 αὐτὸς

103 3042 212 3121 ιγὰρ
239 3042 290 3100 ἔν
314 3066 374 3119 γε
402 3039 607 3110 τούτοις
633 3043 692 3100 οὗ
718 3039 1026 3111 δεδήλωκεν.
1111 3044 1170 3121 (2)
1203 3042 1272 3103 ‘H
1304 3043 1400 3122 μὲν
1429 3035 1516 3105 οὖν
1544 3047 1685 3105 κατὰ

121 3129 265 3189 τόπον
290 3136 394 3190 τῶν
426 3134 606 3211 μερῶν
627 3128 772 3199 τάξις
799 3132 872 3199 εἷς
898 3128 996 3202 τὴν
1028 3135 1125 3202 τῆς
1152 3130 1318 3208 μέσης
1342 3130 1523 3214 χώραν
1544 3135 1687 3197 τίθο-

54 3227 96 3265 ῑὶῡ
120 3241 198 3275 ται
223 3219 280 3277 τὸ
305 3217 608 3296 θυμοειδὲς,
629 3216 691 3277 τὸ
714 3217 770 3277 δὲ
793 3216 1105 3297 λογιστικὸν,
1133 3221 1205 3288 εἰς
1225 3222 1319 3291 τὴν
1341 3224 1434 3291 τῆς
1462 3222 1681 3297 ὑπάτης.

119 3306 189 3366 Τὸ
216 3306 316 3389 γὰρ
347 3307 461 3366 ἅνω
495 3305 588 3365 καὶ
610 3309 834 3385 πρῶτον,
869 3303 1069 3364 ὕπατον
1095 3307 1145 3365 οἱ
1171 3305 1388 3366 παλαιοὶ
1414 3310 1682 3389 προσηγό-

121 3417 254 3472 ρευον
271 3420 285 3433 ·
310 3388 346 3467 ἧ
373 3393 473 3454 καὶ
501 3392 834 3474 Ξενοκράτης
857 3390 960 3453 Δία
987 3392 1076 3452 τὸν
1104 3395 1158 3451 ἐν
1186 3394 1283 3472 μὲν
1312 3402 1420 3462 τοῖς
1445 3395 1584 3455 κατὰ
1614 3396 1681 3456 τὰ

119 3481 244 3540 αὐτὰ
272 3462 365 3542 καὶ
395 3480 654 3549 ὡσαύτως
682 3478 912 3560 ἔχουσιν,
946 3478 1144 3540 ὕπατον
1177 3481 1355 3549 καλεῖ,
1384 3479 1564 3540 νέατον
1594 3485 1680 3557 δὲ,

115 3571 193 3627 τὸν
222 3570 324 3630 ὑπὸ
371 3568 634 3642 σελήνην·
661 3566 910 3650 πρότερος
949 3568 1004 3627 δὲ
1043 3565 1284 3649 ’Ὄμηρος
1318 3568 1407 3627 τὸν
1446 3573 1551 3629 τῶν
1588 3574 1682 3653 ἀρ-

47 3660 88 3698 ³⁵
111 3659 300 3735 γόντων
345 3657 586 3741 ἄρχοντα
624 3656 759 3730 θεὸν,
785 3657 816 3687 *
847 3654 1048 3714 ὕπατον
1091 3653 1369 3737 κρειόντων
1405 3660 1678 3738 προσεῖπε.

110 3727 165 3822 (zi)
199 3746 306 3808 Καὶ
331 3745 555 3814 δικαίως
580 3749 657 3826 τῷ
684 3741 947 3827 κρατίστῳ
976 3742 1275 3803 ἀποδέδωκε
1303 3743 1399 3817 τὴν
1428 3745 1538 3806 ἅνω
1563 3747 1679 3828 χώ-

112 3856 196 3908 ραν
218 3839 250 3905 ἠ
275 3833 434 3915 φύσις
452 3878 473 3912 ,
497 3831 678 3914 ὥσπερ
699 3831 1025 3913 κυὸερνήτην
1049 3829 1362 3911 ἐνιδρύσασα
1387 3836 1452 3911 τῇ
1476 3836 1679 3915 κεφαλῇ

104 3921 183 3979 τὸν
213 3920 500 4000 λογισμὸν,
516 3918 740 4001 ἔσχατον
767 3918 928 3978 δὲκαὶ
949 3918 1130 3977 νέατον
1151 3916 1474 3978 ἀποικίσασα
1503 3924 1678 4004 πόρῤω

105 4008 157 4066 τὸ
184 4007 592 4087 ἐπιθυμητικόν.
679 4007 746 4068 ‘ll
772 4005 873 4088 γὰρ
897 4006 1042 4065 κάτω
1056 4004 1215 4078 νεάτη
1237 4011 1680 4089 προσαγορεύεται

38 4106 81 4146 ⁴0
105 4097 261 4170 τάξις,
285 4102 361 4165 ὡς
384 4099 636 4168 δηλοῦσιν
662 4099 716 4154 αἱ
743 4099 846 4153 τῶν
870 4098 1066 4175 νεκρῶν
1088 4092 1300 4166 κλήσεις
1321 4096 1570 4176 νερτέρων
1589 4097 1679 4155 καὶ

104 4184 284 4263 ἐνέρων
326 4180 898 4269 προσαγορευομένων·
939 4181 1065 4242 ἔνιοι
1101 4180 1158 4240 δὲ
1198 4180 1292 4240 καὶ
1329 4186 1434 4241 τῶν
1473 4181 1677 4259 ἀνέμων

103 4273 224 4345 φασὶ
247 4272 337 4333 τὸν
368 4271 611 4332 κάτωθεν
639 4273 701 4330 ἐκ
725 4276 816 4330 τοῦ
851 4273 1076 4353 ἀφανοῦς
1097 4268 1347 4342 πνέοντα,
1378 4269 1523 4329 νότον
1549 4272 1678 4329 ὠνο-

102 4359 317 4432 μάσθαι.
412 4358 487 4439 (4)
509 4356 616 4420 Ἢν
643 4347 731 4417 οὖν
753 4356 813 4416 τὸ
842 4356 1066 4436 ἔσχατον
1095 4354 1205 4435 ἔχει
1228 4355 1357 4437 πρὸς
1388 4355 1450 4415 τὸ
1471 4360 1676 4437 πρῶτον

100 4445 380 4520 ἀντίθεσιν,
419 4443 516 4505 καὶ
538 4443 602 4504 τὸ
627 4443 809 4504 νέατον
846 4443 977 4526 πρὸς
1001 4444 1062 4504 τὸ
1102 4445 1320 4517 ὕπατον,
1353 4443 1551 4518 ταύτην
1586 4452 1676 4505 τοῦ

30 4554 74 4593 ⁴5
99 4534 484 4611 ἐπιθυμητικοῦ
522 4531 651 4613 πρὸς
692 4531 754 4592 τὸ
792 4530 1089 4610 λογιστικὸν
1128 4531 1364 4612 ἔχοντος,
1398 4534 1503 4626 οὐκ.
1538 4531 1678 4593 ἔστιν

101 4623 356 4682 ἀνωτάτω
394 4620 496 4701 μὲν
515 4612 648 4681 εἶναι
670 4619 764 4681 καὶ
789 4626 1015 4703 πρῶτον,
1044 4618 1242 4680 ὕπατον
1273 4621 1326 4679 δὲ
1353 4618 1428 4698 μὴ
1453 4626 1584 4679 εἰναι
1617 4620 1678 4681 τὸ

96 4711 420 4787 λογιστικὸν,
448 4708 588 4769 ἀλλὰ
612 4708 805 4791 ἕτερον.
893 4710 954 4786 (5)
981 4710 1052 4769 Οῖ
1083 4706 1188 4788 γὰρ
1210 4710 1280 4774 ὡς
1310 4705 1492 4787 κυρίαν
1523 4705 1678 4766 δύνα-

98 4822 181 4872 μιν
213 4802 364 4880 αὐτῷ
387 4797 489 4868 τὴν
509 4803 605 4872 τῆς
629 4796 793 4875 μέσης
806 4795 1164 4868 ἀποδιδόντες,
1187 4798 1455 4872 ἀγνοοῦσιν
1485 4792 1563 4852 ὅτι
1581 4793 1676 4866 τὴν

95 4887 428 4968 κυριωτέραν
476 4888 816 4967 ἀφαιροῦνται
854 4882 951 4957 τὴν
1000 4887 1094 4955 τῆς
1134 4881 1364 4955 ὑπάτης,
1423 4880 1558 4959 μήτε
1601 4886 1677 4964 τῷ

27 4990 72 5028 ω
98 4981 243 5057 θυμῷ
284 4973 435 5052 μήτε
463 4978 527 5052 τῇ
557 4972 806 5055 ἐπιθυμία
851 4971 1250 5053 προσήκουσαν·
1284 4969 1528 5051 ἑκάτερον
1574 4967 1677 5051 γὰρ

1736 1085 1744 1496 t

1783 1046 1855 1096 eis
1879 1047 2099 1101 interitus
2119 1053 2320 1105 accidat.
2385 1057 2454 1118 (7)
2478 1058 2603 1107 Fieri
2638 1060 2767 1109 enim
2799 1075 2893 1112 non
2928 1068 3113 1128 potest,
3138 1073 3191 1117 ut
3213 1073 3340 1132 quud

1783 1140 1944 1186 ortum
1979 1145 2053 1189 est
2075 1140 2256 1205 absque
2288 1145 2501 1209 tempore
2524 1148 2614 1209 sit,
2640 1154 2694 1199 ut
2725 1163 2880 1214 neque
2916 1154 3209 1217 intelligibile
3237 1172 3344 1209 esse

1783 1225 1942 1285 potest
1960 1227 2062 1277 sine
2075 1231 2340 1281 aeternitate
2362 1247 2375 1280 ε
2397 1234 2635 1296 siquidem
2654 1236 2745 1286 hoc
2763 1252 2950 1303 semper
2968 1255 3160 1293 manere
3173 1244 3312 1295 debet
3328 1285 3340 1305 ‚

1782 1311 1902 1361 illud
1925 1319 2084 1364 ortum
2120 1330 2364 1382 nunquam
2402 1321 2619 1373 dissolvi.
2687 1325 2754 1387 (8)
2783 1327 2913 1377 Adeo
2934 1329 3096 1393 itaque
3132 1346 3340 1383 necessa·

1781 1399 1903 1448 riam
1926 1415 2038 1451 cum
2061 1405 2182 1454 coelo
2202 1405 2347 1457 babet
2364 1411 2740 1474 complexionem
2760 1416 2808 1464 et
2825 1398 3101 1480 compagem
3122 1423 3312 1484 tempus
3328 1461 3340 1481 ,

1781 1487 1911 1549 quod
1950 1503 2046 1539 uon
2081 1492 2363 1556 simpliciter
2384 1501 2547 1548 motus
2565 1503 2667 1562 est,
2687 1500 2772 1552 sed
2789 1538 2805 1564 ,
2827 1508 2880 1552 ut
2907 1504 3146 1569 diximus,
3178 1513 3340 1558 molus

1780 1576 2055 1637 ordinatus,
2082 1593 2303 1632 mensura
2333 1598 2445 1646 sua,
2470 1585 2645 1637 tinibus
2670 1590 2722 1639 et
2753 1592 3132 1644 revolutionibus
3157 1601 3340 1649 couleu-

1780 1665 1898 1714 tus:
1966 1667 2032 1728 (9)
2061 1668 2238 1729 quibus
2270 1673 2530 1735 praefectus
2560 1675 2633 1725 soi
2669 1691 2820 1740 quum
2856 1680 2948 1741 sit,
2979 1694 3243 1745 eorumque
3268 1685 3336 1733 in-

1780 1755 1993 1814 spector;
2020 1761 2076 1804 ut
2092 1755 2306 1820 deliniat,
2329 1764 2585 1827 temperet,
2599 1765 2922 1831 producatque
2940 1768 2988 1817 in
3010 1768 3166 1819 iucem
3190 1773 3336 1821 muta⁵

1780 1838 1937 1890 tiones
1965 1845 2014 1892 et
2034 1844 2308 1897 discrimina
2332 1852 2649 1913 temporum,
2677 1865 2824 1917 quoe,
2845 1858 2899 1905 ut
2926 1857 3194 1908 Heraclitus
3216 1858 3336 1907 diff*

1779 1926 1889 1989 bat,
1912 1934 2089 1981 omnia
2096 1932 2291 1994 serunt
2299 1948 2319 1992 ‚·
2340 1949 2438 1987 non
2462 1937 2641 1995 vilibus
2656 1943 2742 1991 aut
2762 1941 2996 2005 exilibus,
3014 1944 3099 1994 sed
3117 1946 3340 1997 maximis,

1777 2027 1833 2063 ac
1853 2018 2107 2080 praecipuis
2141 2034 2481 2088 summamque
2502 2027 2858 2079 continentibus
2879 2031 2926 2081 in
2964 2032 3109 2083 rebus
3142 2033 3336 2098 principi

1778 2115 1835 2151 ac
1858 2103 2011 2165 primo
2032 2105 2124 2157 deo
2140 2123 2333 2172 operam
2354 2115 2516 2163 navat.

2318 2490 2671 2565 QUAESTIO
2714 2498 2810 2557 lx.

1841 2635 1878 2681 t.
1914 2636 2075 2691 Quum
2101 2636 2297 2687 Platoin
2318 2638 2578 2702 Republica
2598 2641 2659 2692 de
2676 2643 2849 2694 animm
2863 2645 3168 2699 facultatibus
3190 2650 3332 2701 ditass-

1775 2739 1914 2786 tens,
1932 2730 2288 2780 consonantiam
2311 2733 2548 2798 Rationis,
2579 2739 2871 2803 iracundiae,
2894 2744 2946 2793 et
2977 2746 3324 2809 concupiscan-

1775 2824 1855 2873 tiae
1874 2824 2054 2887 optime
2076 2830 2423 2890 comparaverit
2443 2834 2695 2884 concentui
2712 2835 2851 2897 imm,
2874 2839 3074 2903 mediae,
3099 2847 3148 2891 et
3174 2856 3332 2908 supr-1.-

1774 2929 1867 2965 moe
1881 2917 2074 2969 chor-ire
2092 2934 2105 2967 :
2122 2920 2249 2974 baud
2269 2922 2356 2973 abs
2370 2936 2422 2973 re
2436 2923 2729 2978 dubitaverit
2747 2928 2920 2992 aliquis
2932 2967 2948 2993 ,
2970 2935 3304 2986 Ballonemmr
3320 2981 3328 2993 ,

1773 3023 1842 3059 an
1871 3024 1986 3061 vero
2004 3013 2345 3064 Iracundlam
2364 3018 2421 3065 tn
2440 3017 2609 3068 medio
2628 3020 2957 3074 collocaverit
2978 3040 2998 3074 .·
3021 3039 3178 3090 neque
3204 3033 3328 3081 enlm

1773 3101 1877 3168 ipse
1893 3104 1940 3152 id
1957 3104 2022 3154 ibi
2033 3119 2256 3168 expresse
2269 3107 2571 3170 significavit.
2607 3112 2673 3175 (2)
2688 3116 2814 3166 Sane
2826 3115 3106 3169 facultatum
3121 3157 3136 3183 ,
3154 3124 3328 3173 ratium

1771 3197 1863 3250 loci
1888 3200 2034 3263 sacta,
2059 3201 2309 3265 dispositio
2327 3203 2620 3257 iracundiam
2635 3210 2806 3261 mediae
2820 3211 3013 3265 ciiordae
3033 3215 3138 3265 loco
3162 3229 3300 3280 ponet
3320 3257 3328 3277 ,

1771 3292 2001 3343 tattonem
2022 3307 2250 3357 summae,
2266 3309 2411 3359 quam
2428 3300 2583 3348 Graeci
2603 3297 2826 3363 hypaten
2848 3311 3034 3355 vocant.
3054 3309 3328 3372 Antiquitus

1770 3384 1896 3433 enim
1922 3385 2130 3448 primum
2152 3391 2203 3436 et
2220 3400 2501 3450 supremum
2523 3389 2556 3438 ii
2575 3388 2802 3453 hypaton
2822 3393 3075 3447 dicebant:
3102 3399 3166 3449 ita
3188 3402 3328 3453 etiam

1769 3480 2056 3527 xenocrates
2076 3480 2249 3528 Jovem
2267 3476 2317 3527 in
2338 3477 2483 3529 rebus
2501 3479 2879 3534 immutabilibus
2897 3484 3147 3549 hypatum
3163 3501 3296 3541 vocat
3312 3529 3324 3553 1.

1768 3574 1921 3623 imum
1944 3575 1993 3624 in
2016 3573 2075 3623 iis
2097 3588 2208 3637 quoe
2230 3580 2344 3625 sunt
2367 3575 2488 3627 infra
2510 3576 2675 3628 lunam
2701 3593 2715 3628 :
2741 3582 2791 3628 et
2807 3586 2919 3631 ante
2942 3595 3053 3632 eum
3088 3587 3328 3637 Homerus

1769 3665 2036 3729 principum
2056 3666 2319 3729 principem
2339 3667 2483 3717 deum
2505 3670 2721 3732 vocavit,
2742 3670 2919 3720 ὕπατον
2937 3673 3199 3737 κρειόντων.
3264 3685 3328 3741 (Η)

1766 3760 1906 3807 Juste
1923 3763 2082 3807 autem
2104 3760 2271 3808 natura
2289 3759 2730 3823 praestantissimam
2752 3764 2932 3825 partem
2951 3777 3144 3814 summo
3162 3770 3284 3817 stati.
3296 3773 3328 3821 ἰι

1767 3850 1874 3900 ioco
1886 3887 1902 3914 ,
1934 3851 2158 3910 Ratione,
2190 3851 2524 3913 gubernatoris
2560 3853 2725 3915 instar,
2762 3855 2809 3903 in
2851 3857 3006 3919 capite
3044 3860 3272 3911 collocat-¹1
3312 3905 3316 3909 .

1769 3941 1908 4004 longe
1928 3944 2091 3991 autem
2115 3941 2225 3990 binc
2241 3977 2257 4003 ,
2279 3947 2330 3992 et
2351 3944 2522 3992 ultimo
2544 3947 2689 4008 atque
2713 3945 2878 3996 intimo
2902 3948 3004 3998 loco
3029 3953 3188 4013 posuit
3211 3958 3324 4005 Catlu⁴

1766 4034 2107 4096 cupiscentiam
2142 4048 2155 4082 ι
2181 4034 2308 4083 imus
2342 4035 2470 4084 euim
2496 4036 2629 4086 locus
2649 4041 2764 4088 nete
2794 4044 2843 4088 et
2879 4045 3057 4091 neatos
3090 4050 3288 4097 vocatur
3312 4085 3320 4093 ,,

1767 4126 1894 4190 quod
1918 4141 1979 4177 ex
2012 4131 2312 4177 mortuorum
2338 4130 2734 4192 appellationibus
2756 4136 2920 4195 patet,
2949 4136 3032 4197 qui
3059 4138 3256 4203 νέρτεροι
3280 4153 3324 4189 ιιι

1766 4220 1909 4283 ἔνεροι
1927 4220 2157 4269 dicuntur
2178 4236 2191 4269 :
2218 4220 2414 4283 quidam
2438 4222 2583 4272 ctiam
2606 4228 2831 4287 ventum,
2855 4226 3015 4289 quiex
3038 4227 3137 4278 imo
3158 4236 3209 4279 et
3242 4233 3320 4281 ub-

1765 4325 1908 4361 scuro
1929 4313 2036 4361 loco
2062 4312 2237 4374 spirat,
2255 4312 2366 4362 inde
2383 4316 2574 4363 Notum
2600 4317 2759 4365 vocari
2783 4320 3055 4368 autumant.
3123 4321 3191 4384 (4)
3217 4326 3324 4381 Qun

1765 4406 1927 4468 itaque
1975 4404 2119 4454 modo
2150 4403 2372 4454 ultimum
2413 4407 2596 4469 primo,
2629 4408 2778 4457 imum
2823 4424 3013 4460 summo
3050 4416 3324 4481 opponitur,

1765 4514 1917 4563 quum
1935 4514 1987 4551 se
2005 4500 2392 4564 concupiscentia
2416 4501 2585 4551 habeat
2608 4503 2776 4552 eodem
2810 4505 2955 4554 modo
2976 4506 3038 4555 ad
3067 4509 3292 4561 rationem
3308 4549 3320 4573 ,

1764 4600 1924 4662 potest
1944 4597 2064 4647 ratio
2100 4611 2346 4647 summum
2373 4612 2479 4649 esse
2515 4602 2563 4649 et
2589 4599 2827 4663 primum,
2849 4617 2943 4651 non
2979 4604 3123 4655 etiam
3159 4619 3324 4669 supse-

1766 4704 1898 4740 mum
1913 4726 1928 4752 ,
1948 4690 2030 4740 sed
2053 4689 2197 4739 aliud.
2235 4691 2302 4752 (5)
2323 4690 2415 4749 Qui
2437 4695 2599 4739 autem
2621 4692 2664 4740 ei
2684 4694 2894 4742 medium
2918 4695 3076 4745 iocum
3092 4734 3105 4756 ‚
3131 4701 3183 4747 ut
3201 4701 3324 4761 prin-

1764 4786 1952 4850 cipem,
1987 4785 2231 4847 tribuunt,
2257 4785 2474 4848 ignorant
2508 4799 2562 4837 se
2597 4787 2640 4836 ei
2676 4788 3049 4850 praestantiorem
3081 4791 3288 4845 adimere
3312 4833 3324 4853 ,

1763 4893 1939 4943 nempe
1961 4892 2237 4941 summum;
2262 4878 2345 4942 qui
2381 4891 2536 4942 neque
2565 4877 2824 4930 iracundiae
2844 4882 3013 4945 tribui,
3036 4898 3192 4947 neque
3216 4902 3320 4935 cur.-÷

1763 4972 2072 5036 cupisccntiae
2099 4976 2256 5035 potest
2278 4987 2291 5021 :
2318 4985 2469 5035 quum
2495 4972 2747 5037 utriusque
2769 4985 2826 5022 ea
2846 4973 2907 5022 sit
2934 4980 3032 5024 nau
3048 4992 3096 5026 ra
3116 5010 3130 5035 ,
3153 4987 3204 5029 ut
3225 4989 3256 5022 τι
3280 4997 3320 5033 a·

97 5063 360 5144 ἄρχεσθαι
381 5059 480 5122 καὶ
497 5063 811 5136 ἀκολςυθεῖν,
833 5059 1098 5142 οὐδέτερον
1121 5060 1166 5119 δ’
1192 5057 1372 5141 ἄρχειν
1389 5056 1678 5136 ἢὴγεῖσθαι
1764 5070 1812 5117 et
1829 5063 2030 5129 obsequi
2054 5063 2225 5113 rationi
2244 5063 2441 5127 debeat3
2461 5064 2704 5127 neutrius,
2724 5064 2833 5115 utei
2855 5065 3071 5127 imperet.
3142 5067 3207 5128 (o)
3227 5070 3316 5117 Ma-

311 5179 633 5217 muraneum.
663 5179 726 5216 tv.

3065 5166 3114 5210 78
