3709 5609
157 314 245 359 {³⁴³³
259 334 273 361 ,
297 310 453 348 ιῑ-ῖ.
481 310 589 360 nus,
617 294 689 365 3..)

933 286 1417 346 valamer-TA
1473 286 1910 346 filittt-DiDAE
1962 294 2534 355 neirunmfflz.
3222 322 3326 370 uss

154 427 335 507 γώδης,
356 422 609 495 ἐπιφανὴς
627 423 793 483 δὲκαὶ
822 422 1025 501 μεγάλη
1044 421 1252 503 πρᾶξις,
1277 421 1433 480 αὑτὸν
1460 419 1548 480 ἐπὶ
1567 420 1697 482 ταύ-
1779 445 1868 494 gna
1883 469 1897 493 ,
1923 433 2164 496 impendet
2182 437 2334 499 actio;
2358 451 2464 487 eam
2477 439 2633 488 civilis
2647 439 2721 488 vir
2733 442 2936 503 primum
2962 446 3063 508 ipse
3082 449 3336 514 suscipiet,

153 542 240 588 την
264 489 487 581 <diane
514 516 740 595 πρῶτον,
772 502 884 570 εἶτα
915 509 1260 592 προσελέσθαι
1297 510 1385 568 τὸν
1422 509 1589 593 φίλον,
1626 514 1697 579 ὡς
1778 525 1882 569 tum
1909 521 1970 570 ad
1993 522 2098 583 ejus
2118 525 2394 575 societatem
2425 526 2660 578 adsciscet
2675 529 2909 591 amicum,
2931 534 3334 595 quemadmodum

153 610 178 663 ὁ
201 611 323 681 Διομ
334 604 473 675 ἡδηζ·

266 737 319 785 1ίί
342 736 425 799 μὲν
444 736 501 793 δὴ
517 733 680 798 ἕταρόν
701 749 756 794 γε
777 732 975 782 κελεύετ’
992 733 1190 794 ἑμαυτῦν
1206 733 1382 781 ἑλέσθαι
1400 766 1415 791 ,

109 827 130 862 5
265 813 361 863 πῶς
381 811 439 855 ἀν
459 807 603 856 ἔπειτ’
623 805 849 863 Ὀδυσῆος
872 805 966 865 ἐγὼ
989 804 1131 853 θείοιο
1153 803 1375 865 λαθοίμην
1392 818 1407 862 ;

152 927 370 990 κάκεῖνος
416 911 485 981 αὖ
524 920 685 980 πάλιν
727 917 1137 979 ἀνταποδίδωσιν
1172 915 1371 985 οἰκείως
1408 915 1497 978 τὸν
1543 913 1696 976 ἔπαι-

152 1036 242 1072 νον.

258 1135 417 1184 Ἵπποι
440 1130 502 1196 [δ’
525 1123 649 1194 οῑ]δι
667 1167 681 1188 ,
711 1131 890 1193 γεραιὲ,
912 1130 1148 1189 νεήλυδες,
1171 1129 1249 1186 οὓς
1271 1127 1473 1192 ἐρεείνεις
1490 1165 1505 1190 ,

261 1205 469 1270 θρηΐκιοι
481 1239 498 1264 ,
514 1202 597 1252 τὸν
616 1202 668 1251 δέ
689 1218 796 1264 σφιν
813 1201 975 1249 ἄνακτ’
998 1201 1168 1263 ἀγαθὸς
1194 1200 1426 1264 Διομήδης

90 1298 127 1332 20
259 1277 437 1335 ἔκτανε,
458 1273 556 1338 πὰρ
570 1272 614 1322 δ’
635 1270 823 1336 ἑτάρους
845 1271 1122 1321 δυοκαίδεκα
1141 1269 1317 1327 πάντας
1338 1270 1568 1334 ἀρίστους.

150 1391 229 1469 (ει)
257 1390 405 1461 Αὕτη
446 1387 551 1468 γὰρ
589 1390 624 1458 ἡ
659 1384 790 1468 πρὸς
828 1383 947 1452 τοὺς
977 1384 1154 1467 φίλους
1183 1383 1361 1468 ὕφεσις
1405 1386 1504 1466 οὐχ
1536 1376 1691 1457 ’ἧττον

147 1478 411 1556 ἐπικοσμεῖ
441 1479 546 1536 τῶν
596 1473 981 1552 ἐπαινουμένων
1021 1472 1138 1541 τοὺς
1170 1476 1522 1540 ἐπαινοῦντας·
1565 1479 1599 1545 ἡ
1648 1472 1693 1532 δ’

149 1566 411 1637 αὐθάδεια,
444 1561 603 1646 φησὶν
651 1566 681 1621 δ
725 1561 979 1639 Πλάτων,
1027 1562 1220 1644 ἐρημία
1270 1561 1518 1629 σύνοικος.
1604 1563 1689 1639 (22)

149 1655 259 1715 Ἔτι
290 1653 462 1711 τοίνυν
493 1655 609 1719 ταῖς
644 1653 832 1716 καλαῖς
858 1650 950 1708 καὶ
978 1648 1358 1732 φιλανθρώποις
1396 1651 1579 1733 χάρισι
1617 1652 1697 1709 δεῖ

88 1761 121 1794 ¹³
148 1744 251 1812 τοὺς
277 1743 454 1824 φίλους
487 1748 847 1811 συνεισποιεῖν,
876 1739 968 1798 καὶ
993 1738 1222 1798 κελεύειν
1257 1736 1377 1805 τοὺς
1407 1731 1465 1798 εὖ
1490 1739 1691 1799 παθόν-

148 1855 227 1898 τας
255 1830 477 1898 ἐκείνους
501 1831 731 1889 ἐπαινεῖν
753 1827 845 1886 καὶ
869 1829 1098 1909 ἀγαπᾷν,
1127 1831 1197 1893 ὡς
1221 1826 1416 1894 αἰτίους
1452 1827 1565 1904 ἅμα
1601 1828 1692 1888 καὶ

147 1918 458 1995 συμόούλους
497 1915 887 1996 γεγενημένους·
915 1915 1007 1982 τὰς
1034 1913 1091 1973 δὲ
1120 1914 1324 1996 φαύλας
1348 1916 1440 1974 καὶ
1470 1917 1693 1986 ἀτόπους

148 2006 366 2076 ἀξιώσεις
407 2004 786 2087 ἀποτρίὸεσθαι
802 2048 817 2076 ,
854 2002 929 2081 μὴ
956 2007 1184 2084 πικρῶς,
1208 2002 1346 2062 ἀλλὰ
1372 2004 1582 2085 πρᾴως,
1608 2008 1690 2064 δι-

148 2096 392 2155 δάσκοντα
412 2093 504 2153 καὶ
525 2091 1015 2176 παραμυθούμενον,
1054 2095 1125 2158 ὡς
1151 2094 1246 2152 οὐκ
1268 2092 1405 2161 ἄξιαι
1433 2099 1529 2165 τῆς
1555 2095 1693 2154 ἐκεί-

88 2208 125 2243 en
146 2209 232 2241 νων
260 2187 448 2265 ἀρετῆς
466 2185 568 2240 εἰσι
590 2181 682 2241 καὶ
710 2179 876 2250 δόξης.
981 2182 1053 2254 23]
1086 2178 1302 2260 Ἄριστα
1328 2181 1373 2238 δ’
1405 2180 1690 2264 ἀνθρώπων

147 2277 169 2329 t
196 2270 653 2349 Ἐπαμεινώνδας,
677 2266 1036 2350 ἀρνησάμενος
1056 2268 1286 2341 δεηθέντι
1314 2273 1391 2351 τῷ
1416 2272 1689 2353 Πελοπίδᾳ

148 2362 221 2417 τὸν
259 2361 499 2431 κάπηλον
526 2359 590 2416 ἐκ
627 2362 722 2429 τῆς
750 2359 957 2437 εἱρκτῆς
986 2357 1223 2436 ἀφεῖναι,
1255 2355 1345 2415 καὶ
1373 2362 1489 2436 μετ’
1517 2359 1689 2437 ὀλίγον

149 2452 229 2517 τῆς
255 2445 519 2528 ἐρωμένης
555 2442 822 2515 δεηθείσης
857 2439 1033 2524 ἀφεὶς,
1063 2441 1350 2516 Τοιαύτας,
1379 2443 1511 2525 ἔφη,
1534 2447 1684 2526 χάρι-

152 2559 252 2608 τας,
286 2525 329 2594 ὦ
373 2531 680 2603 Πελοπίδα,
714 2528 1006 2607 λαμὸάνειν
1029 2529 1349 2605 ἑταιριδίοις,
1372 2533 1431 2590 οὗ
1461 2556 1690 2614 στρατη-

88 2653 127 2688 ,a
147 2632 271 2701 γοῖς,
306 2622 505 2705 πρέπον
546 2608 704 2679 ἐστίν’.
788 2618 888 2698 (2ο)
909 2617 982 2678 Ὃ
1026 2618 1081 2677 δὲ
1134 2618 1324 2678 Κάτων
1357 2620 1557 2700 βαρέως
1598 2624 1690 2681 καὶ

148 2712 395 2786 αὐθαδῶς,
418 2708 532 2768 ἐπεὶ
557 2706 763 2774 Κάτλος
786 2710 814 2764 ὁ
839 2705 1080 2785 τιμητὴς,
1106 2707 1253 2789 φίλος
1277 2705 1349 2766 ὣν
1373 2711 1427 2766 ἐν
1447 2713 1554 2777 τοῖς
1584 2711 1689 2788 μά-

148 2801 283 2857 λιστα
308 2798 401 2858 καὶ
433 2796 685 2869 συνήθης,
715 2794 944 2874 ἐξῃτεῖτό
976 2818 1095 2853 τινα
1125 2797 1229 2852 τῶν
1253 2796 1568 2876 κρινομένων
1598 2803 1688 2858 ὑπ’

149 2891 287 2946 αὐτοῦ
312 2885 679 2964 ταμιεύοντος,
708 2882 941 2964 Αἷσχρόν
973 2886 1131 2956 ἐστιν,
1158 2883 1287 2965 ἔφη,
1317 2885 1402 2958 σὲ,
1428 2883 1518 2945 τὸν
1546 2889 1689 2967 ὀφεί-

147 2976 283 3032 λοντα
311 2975 429 3041 τοὺς
456 2973 598 3039 νέους
618 2977 759 3051 ἡμᾶς
782 2970 1127 3053 σωφρονίζειν,
1157 2972 1257 3031 ὑπὸ
1283 2976 1386 3031 τῶν
1416 2975 1686 3056 ἡμετέρων

86 3085 125 3119 :tu
149 3067 400 3142 ὑπηρετῶν
423 3062 791 3122 ἐκῦάλλεσθαι.
878 3062 968 3138 (25)
1000 3062 1097 3140 Τῷ
1122 3060 1223 3139 γὰρ
1252 3059 1389 3144 ἔργῳ
1406 3060 1503 3133 τὴν
1530 3065 1686 3145 χάριν

148 3151 251 3221 ἐξῆν
286 3151 663 3229 ἀπειπάμενον,
697 3149 904 3229 ἀφελεῖν
933 3154 1026 3206 τοῦ
1061 3146 1218 3227 λόγου
1257 3149 1352 3221 τὴν
1380 3153 1685 3233 τραχύτητα

147 3238 225 3295 καὶ
244 3239 472 3319 πικρίαν,
496 3242 567 3305 ὣς
591 3236 724 3315 μηδὲ
752 3240 817 3316 τῇ
844 3234 1031 3317 πράξει
1058 3235 1120 3294 τὸ
1147 3237 1380 3318 λυπηρὸν
1408 3241 1683 3318 ἑκουσίως,

149 3327 248 3384 ἀλλ’
291 3327 589 3406 ἀναγκαίως
629 3323 938 3407 ἐπιφέροντα
966 3321 1052 3381 διὰ
1078 3323 1168 3381 τὸν
1195 3322 1353 3401 νόμον
1380 3324 1472 3385 καὶ
1497 3326 1560 3386 τὸ
1607 3328 1687 3386 δί-

146 3435 293 3474 καιον.
376 3417 465 3493 (2⁶)
492 3413 620 3476 Εἰσὶ
647 3412 704 3472 δὲ
736 3411 829 3471 καὶ
856 3409 986 3491 πρὸς
1009 3412 1383 3492 χρηματισμὸν
1405 3416 1500 3474 οὐκ
1530 3418 1685 3492 ἀγεν-

88 3528 126 3564 35
148 3503 233 3569 νεῖς
277 3505 330 3562 ἐν
358 3501 603 3583 πολιτεία
640 3501 747 3566 τοῖς
791 3497 1051 3576 δεομένοις
1073 3503 1176 3558 τῶν
1200 3500 1363 3578 φίλων
1405 3505 1460 3560 αἱ
1491 3505 1686 3576 συλλή-

147 3593 257 3668 ψεις·
275 3582 377 3651 οἷον
400 3594 429 3649 ὃ
447 3590 814 3669 Θεμιστοκλῆς
829 3632 845 3660 ,
871 3586 1005 3664 μετὰ
1027 3587 1126 3659 τὴν
1154 3587 1334 3667 μάχην
1362 3587 1485 3648 ἰδὼν
1507 3593 1685 3672 νεκρὸν

147 3680 356 3759 στρεπτὰ
387 3689 563 3760 χρυσᾶ
591 3677 684 3738 καὶ
713 3676 978 3756 μανιάκην
1003 3676 1380 3757 περικείμενον,
1408 3678 1561 3746 αὐτὸς
1590 3681 1684 3758 μὲν

147 3770 409 3847 παρῆλθεν,
434 3766 769 3849 ἐπιστραφεὶς
790 3765 846 3825 δὲ
863 3764 994 3845 πρὸς
1017 3763 1108 3823 τὸν
1131 3764 1298 3846 φίλον,
1326 3767 1532 3827 Ἀνελοῢ
1554 3776 1682 3827 ταῦ·

146 3877 230 3932 τα,
259 3848 415 3914 εἶπεν·
441 3859 499 3914 οὗ
530 3853 633 3935 γὰρ
665 3854 757 3913 καὶ
787 3852 851 3912 σὺ
875 3855 1240 3930 Θεμιστοκλῆς
1268 3851 1500 3933 γέγονας.
1590 3859 1681 3937 (27)

89 3962 126 3996 tu
149 3943 168 3964 ’
191 3944 373 4003 Δίδωσι
418 3942 523 4025 γὰρ
578 3942 669 4001 καὶ
713 3950 866 4002 τοῦτο
906 3941 1161 4008 πολλάκις
1204 3946 1279 4023 τῷ
1318 3945 1573 4027 πολιτικῷ
1616 3948 1682 4006 τὰ

147 4030 411 4109 πράγματα
439 4032 568 4113 πρὸς
592 4029 712 4099 τοὺς
741 4031 935 4112 φίλους.
1016 4032 1097 4090 Οὐ
1125 4029 1227 4111 γὰρ
1273 4031 1335 4103 δὴ
1375 4033 1684 4115 Μενέμαχοι

145 4117 313 4185 πάντες
356 4119 472 4179 εἰσί·
496 4123 571 4201 τῷ
620 4118 714 4196 μὲν
751 4117 1038 4200 ἐγχείρισον
1084 4120 1392 4200 συνηγορίαν
1431 4120 1683 4200 ἔμμισθον

148 4204 260 4287 ὖπὲρ
280 4214 365 4265 τοῦ
389 4207 620 4282 δικαίου,
639 4211 716 4289 τῷ
743 4207 800 4265 δὲ
829 4204 1087 4279 σύστησον
1112 4207 1356 4267 πλούσιον
1385 4213 1684 4288 ἐπιμελείας

148 4294 224 4352 καὶ
262 4295 578 4376 προστασίας
600 4295 858 4375 δεόμενον·
890 4294 1036 4375 ἄλλῳ
1066 4295 1110 4353 δ’
1130 4299 1198 4363 εἷς
1227 4298 1540 4376 ἐργολαὸίαν
1567 4301 1683 4360 τινὰ

88 4408 125 4443 ι’,
150 4381 441 4462 σύμπραξον,
468 4384 504 4457 ἢ
535 4384 789 4463 μίσθωσιν
817 4382 1069 4465 ὠφελείας
1097 4382 1337 4463 ἔχουσαν.
1386 4388 1475 4464 (28)
1502 4389 1683 4450 Ἔπα-

149 4471 404 4541 μεινώνδας
435 4473 490 4532 δὲ
520 4472 613 4532 καὶ
639 4475 873 4552 πλουσίῳ
898 4477 999 4530 τινὶ
1039 4471 1391 4554 προσελθόντα
1419 4476 1567 4558 φίλον
1596 4483 1679 4538 αἶ-

147 4558 237 4614 τεῒν
258 4560 515 4620 ἐκέλευσεν
544 4562 641 4640 (ἓν)
675 4561 948 4632 τάλαντον,
989 4564 1059 4628 ὡς
1095 4564 1253 4622 αὐτοῦ
1288 4567 1467 4623 δοῦναι
1494 4567 1682 4627 κελεύ-

149 4665 324 4712 σαντος·
347 4647 456 4706 ἐπεὶ
480 4647 536 4707 δὲ
558 4652 586 4707 ὅ
608 4648 836 4719 αἰτηθεὶς
856 4647 1018 4708 ἐλθὼν
1041 4650 1352 4710 ἐπυνθάνετο
1368 4651 1465 4724 τὴν
1486 4653 1678 4731 αἰτίαν,

146 4726 256 4789 Ὅτι
301 4735 523 4812 χρηστὸς
545 4781 561 4808 ,
613 4726 780 4809 εἶπεν,
818 4727 964 4804 οἶτος
1017 4735 1112 4816 [ὢν
1144 4738 1323 4819 πένης]
1352 4740 1481 4800 ἐστί·
1512 4740 1576 4800 σὺ
1624 4743 1678 4802 δὲ

149 4822 361 4886 ein-satzi:
389 4822 558 4882 mm:
594 4830 686 4894 τῆς
714 4826 914 4892 πόλεως
953 4827 1361 4909 νενοσφισμένος.
1449 4830 1536 4907 (29)
1568 4832 1678 4891 Καὶ

153 4906 217 4962 τέν
237 4910 526 4982 ’-ἱ·;’-ηπῡ-.ειῡν
550 4918 574 4970 fi
598 4917 842 4994 Ervuzpffiu
858 4914 1317 4998 ἀγάλλεσθαίφησι
1335 4917 1675 4988 πλουτίζοντα

153 4998 245 5062 ’.τ’..ς
269 5001 462 5078 sijum,
490 5006 554 5058 αὖ
566 5002 646 5058 :irs
674 5002 798 5058 ὄντα,
826 5002 1093 5082 κρείττονα
1116 5007 1429 5086 χρημάτων.

221 5086 357 5146 ᾝὛ.
405 5090 558 5147 ’Ἐπεὶ
582 5090 634 5146 δὲ
666 5090 858 5158 πείσαις
886 5093 1247 5174 κορυδαλλίσι,
1271 5095 1407 5154 κατὰ
1441 5095 1675 5173 Σιμωνί-

1775 609 2032 660 Diomedes
2048 647 2063 671 ,

1883 740 2059 798 Quodsi
2083 754 2156 788 me
2176 744 2351 789 seclum
2370 733 2486 790 hubi
2505 757 2589 791 vos
2610 744 2862 793 adsciscere
2880 750 3020 796 vultis

1882 817 2029 863 divini
2049 830 2252 876 quonam
2274 825 2408 878 pacto
2424 822 2671 870 obliviscar
2688 826 2901 882 Ulyssis?

1776 928 2082 993 vicissimque
2102 933 2301 994 Ulysses
2324 934 2367 983 ei
2385 937 2721 988 convenienter
2746 939 2937 992 laudem
2963 944 3180 998 facinoris
3196 951 3334 1000 attri-

1775 1014 1881 1065 buit
1905 1030 1919 1065 :

1883 1130 2184 1230 ἓὲῧτέῧιξῇρῑί
2228 1134 2570 1234 Ῑῖιξῗῑέοιέεπέεοῧο
2587 1150 2705 1195 quos
2722 1139 3029 1222 adduximus,-
3045 1146 3122 1208 isti

2186 1219 2197 1230 .
2540 1203 2571 1236 o
2588 1192 2822 1238 adduxere
2844 1194 3031 1252 seroces,

1881 1247 1960 1307 rex
1979 1249 2178 1302 quorum
2192 1244 2268 1302 „et
2287 1241 2358 1285 bis
2375 1253 2478 1295 sex,
2504 1243 2754 1290 fortissima
2770 1259 2990 1345 corpora,
3008 1253 3148 1306 juxta

1890 1291 2073 1346 sydrum
2095 1292 2310 1339 mamlius
2332 1295 2445 1340 socii
2467 1296 2670 1342 cecidere
2692 1311 2845 1355 perem
2870 1313 2899 1347 ι.

1775 1395 1875 1457 (21)
1902 1397 2060 1459 Hujus
2077 1400 2205 1449 enim
2226 1401 2357 1450 modi
2377 1402 2648 1465 concessio,
2673 1418 2769 1466 qna
2791 1406 2958 1456 amicis
2987 1408 3174 1459 laudem
3195 1412 3323 1463 dese-

1775 1483 1961 1547 rimus,
1985 1499 2078 1535 non
2111 1487 2272 1538 minus
2300 1489 2571 1541 laudantem
2607 1496 2810 1543 exornat
2844 1508 2990 1556 quam
3029 1497 3276 1549 laudatum
3314 1517 3326 1550 :

1773 1572 1984 1635 quando
2004 1577 2248 1638 seipsum
2279 1576 2550 1630 duntaxat
2569 1582 2816 1644 probare,
2841 1586 3032 1634 vicium
3060 1589 3161 1646 est,
3184 1593 3236 1636 ut
3265 1590 3331 1640 ait

1774 1660 1908 1710 Plato
1924 1698 1940 1722 ‚
1963 1662 2240 1713 solitudini
2262 1667 2644 1719 contubernale.
2678 1670 2775 1734 (22)
2791 1674 3026 1724 Praeterea
3047 1687 3163 1726 vero
3183 1675 3327 1726 bone·

1771 1752 1956 1798 stonum
1984 1750 2351 1817 immaniterque
2370 1768 2398 1804 a
2420 1755 2560 1806 nobis
2580 1758 2904 1810 exhibitorum
2925 1762 3193 1813 officiorum
3218 1779 3328 1827 pars

1771 1837 1939 1886 amicis
1959 1843 2035 1887 est
2055 1838 2335 1890 ascribenda
2349 1848 2437 1902 ;'et
2457 1844 2634 1907 quibus
2651 1845 2953 1898 benefactum
2973 1855 3065 1912 est,
3082 1850 3115 1898 ii
3129 1851 3325 1913 jubendi

1770 1924 1957 1973 amicos
1988 1933 2178 1976 nostros
2216 1928 2413 1979 laudare
2438 1937 2583 1994 atque
2617 1933 2836 1996 diligero,
2862 1941 2917 1984 ut
2942 1936 3026 1999 qui
3049 1949 3244 1987 causam
3280 1945 3328 1988 et

1770 2012 2021 2062 consilium
2058 2021 2221 2063 nostro
2248 2016 2408 2066 officio
2445 2018 2493 2065 in
2531 2018 2662 2081 ipsos
2690 2021 2977 2072 conserendo
3014 2024 3327 2087 praebuerint.

1771 2103 1893 2159 Quoe
1927 2113 2043 2151 vero
2071 2103 2334 2152 amicorum
2370 2110 2484 2154 sunt
2507 2105 2684 2169 ineptm
2715 2113 2765 2157 et
2784 2107 3010 2159 absurdae
3046 2112 3328 2176 petitiones,

1770 2200 1841 2237 ea}
1864 2202 1959 2237 non
1979 2191 2174 2250 acerbe,
2198 2191 2283 2240 sed
2304 2195 2550 2242 mansuete
2572 2200 2687 2243 sunt
2708 2195 2978 2257 rejiciendae
2992 2234 3008 2259 ,
3028 2197 3326 2250 dehortandi·

1773 2287 1868 2337 que
1896 2281 2035 2338 sunt,
2058 2284 2108 2326 et
2133 2277 2478 2329 ostendendum
2516 2280 2632 2330 istas
2665 2282 2844 2333 virtute
2879 2284 3324 2352 existimationeque

1771 2362 1986 2424 ipsorum
2006 2378 2100 2414 non
2124 2379 2231 2415 esse
2252 2366 2434 2430 dignas.
2503 2372 2602 2430 (23)
2625 2370 2816 2433 Optime
2841 2373 3057 2423 omnium
3083 2376 3328 2426 bominum

1773 2451 2131 2513 Epaminondas
2144 2489 2160 2514 ,
2179 2453 2264 2516 qui
2281 2468 2432 2518 quum
2456 2469 2723 2520 cauponem
2743 2471 2772 2508 e
2793 2471 2981 2509 carcere
3007 2461 3067 2510 ad
3099 2462 3328 2526 depreea-

1773 2538 1953 2588 tionem
1987 2539 2228 2603 Pelopidoe
2249 2541 2491 2593 dimittere
2513 2544 2787 2608 abnuisset,
2811 2548 2973 2610 paullo
2995 2552 3106 2611 post
3123 2552 3329 2601 eundem

1769 2627 1951 2676 amasia
1983 2628 2204 2690 precibus
2224 2629 2546 2680 intercedente
2579 2632 2782 2682 missum
2820 2634 2956 2696 l'ecit,
2978 2638 3323 2698 nummarii,

1769 2714 2018 2777 inquienS,
2045 2715 2283 2778 beneficia
2306 2721 2538 2780 accipere
2567 2722 2931 2772 meretriculas
2966 2737 3071 2787 par
3103 2728 3205 2786 est,
3229 2741 3327 2777 non

1765 2803 2035 2861 proetores.
2102 2803 2201 2864 (24)
2222 2805 2410 2853 Morose
2428 2807 2550 2856 Cato
2568 2810 2618 2856 et
2636 2807 2905 2870 insolenter,
2929 2811 3012 2873 qui
3028 2848 3043 2872 ,
3067 2826 3220 2876 quum
3242 2818 3331 2865 Ca·

1771 2886 1904 2936 tulus
1925 2901 2113 2949 censor,
2138 2903 2360 2940 summus
2383 2891 2488 2955 ejus
2520 2895 2703 2944 amicus
2723 2897 2773 2945 et
2809 2896 3084 2958 familiarist
3108 2901 3331 2963 depreca-

1771 2977 1904 3024 retur
1929 2989 2015 3038 pro
2042 2976 2283 3040 quodam,
2316 2980 2399 3042 qui
2432 2981 2495 3030 ab
2524 2982 2631 3044 ipso
2661 2985 2767 3032 tum
2804 2991 3097 3047 quaesturam
3131 2995 3325 3050 gerente

1764 3060 2086 3124 judicabatur,
2114 3067 2296 3128 Turpe,
2322 3066 2408 3127 ait,
2426 3070 2521 3128 est,
2548 3072 2594 3118 te
2611 3073 2702 3133 qui
2725 3071 2869 3121 nobis
2889 3072 3234 3125 adolescentes
3251 3076 3330 3126 de·

1769 3149 1850 3197 bes
1871 3150 1993 3200 bene
2014 3156 2241 3202 moratos
2266 3153 2507 3211 reddere,
2543 3169 2578 3206 a
2613 3160 2740 3207 meis
2763 3159 2881 3219 ejici
2898 3158 3149 3220 scutulis.
3220 3165 3320 3227 (25)

1768 3238 1961 3287 Licebat
1989 3227 2128 3288 enimn
2149 3254 2201 3290 re
2222 3241 2327 3304 ipsa
2360 3242 2571 3292 osticium
2595 3245 2686 3294 hoc
2720 3245 3066 3308 denegantem,
3103 3262 3324 3314 asperam

1767 3323 1883 3375 dicti
1903 3327 2210 3378 acerbitatem
2242 3331 2635 3392 praetermittere,
2661 3339 2716 3382 ut
2735 3334 2977 3384 videretur
2995 3337 3105 3386 sacti
3134 3352 3329 3402 quoque

1766 3413 1926 3462 amico
1956 3414 2149 3464 molesti
2170 3430 2315 3466 cansa
2337 3430 2433 3467 non
2470 3419 2693 3470 voluntas
2727 3420 2849 3484 ipsi,
2875 3422 2960 3472 sed
2982 3423 3140 3486 legum
3177 3428 3227 3475 et
3245 3427 3327 3489 iu·

1768 3501 1913 3550 stitioe
1936 3504 2195 3552 necessitas
2231 3505 2395 3555 fuisse.
2463 3508 2561 3568 (26)
2594 3511 2715 3557 Sunt
2739 3514 2788 3559 et
2806 3509 2864 3558 ad
2885 3510 3126 3572 juvandos
3164 3514 3214 3561 in
3247 3528 3325 3576 pa-

1766 3590 1915 3639 randa
1930 3591 2127 3654 pecunia
2140 3593 2321 3642 amicos
2336 3594 2384 3642 in
2405 3594 2815 3647 administratione
2831 3599 3104 3661 reipublicae
3119 3601 3326 3650 rationes

1766 3690 2071 3740 nequaquam
2102 3679 2354 3730 illiberales
2392 3697 2405 3730 ε
2447 3687 2501 3731 ut
2537 3683 2881 3733 Themistocles
2915 3698 3064 3748 quum
3100 3700 3129 3734 a
3161 3700 3321 3750 pugna

1765 3765 1950 3814 videret
1968 3766 2174 3816 cadaver
2194 3769 2353 3818 aureis
2378 3771 2629 3832 torquibus
2649 3777 2699 3821 et
2717 3772 2880 3821 monili
2903 3772 3112 3835 insigne,
3136 3780 3312 3837 praeter

1765 3852 1821 3902 iit
1850 3853 1978 3916 ipse,
2013 3857 2065 3905 et
2099 3854 2161 3904 nd
2191 3856 2398 3905 amicum
2437 3871 2724 3919 conversus,
2749 3860 2929 3922 Auser,
2966 3860 3145 3924 inquit,
3169 3861 3281 3912 haec
3309 3899 3321 3912 .

1766 3953 1868 3991 non
1884 3945 2023 3991 enim
2035 3946 2092 3993 tu
2107 3957 2369 4009 quoquees
2390 3945 2759 3996 Themistocles.
2795 3950 2893 4010 (27)
2912 3952 3031 3998 Nam
3042 3948 3150 3998 talia
3159 3949 3326 4000 amicis

1765 4030 2024 4091 praestandi
2055 4027 2131 4083 res
2149 4035 2267 4095 lpsae
2300 4034 2508 4082 versanti
2534 4033 2583 4082 in
2617 4035 2858 4097 republica
2885 4049 3216 4099 smpenumero
3248 4052 3308 4085 oc

1765 4117 2005 4167 casionem
2046 4121 2276 4182 praebent.
2342 4125 2448 4171 Non
2487 4122 2614 4171 enim
2655 4136 2823 4173 omnes
2855 4126 2972 4173 sunt
3000 4126 3323 4184 Meneniacl1i3

1765 4201 1966 4261 proinde
1986 4203 2097 4251 huic
2120 4204 2434 4265 patrocinium
2450 4207 2594 4265 justae
2609 4217 2768 4254 causae
2786 4218 2897 4255 cum
2918 4208 3115 4270 praemio
3134 4209 3325 4269 conjun-

1765 4289 1897 4333 ctum
1927 4285 2188 4347 demanda,
2212 4287 2345 4336 alteri
2379 4288 2576 4337 divitem
2601 4290 2884 4338 commenda
2916 4290 3252 4353 procuratione
3276 4297 3321 4340 et

1763 4364 2040 4416 defensione
2064 4367 2383 4429 indigentem,
2409 4370 2555 4418 alium
2589 4370 2636 4418 in
2668 4369 2981 4420 conductione
3011 4371 3172 4435 aliqua
3195 4387 3305 4435 qnae

1762 4450 1926 4494 stuosa
1950 4446 2140 4508 adjuva.
2205 4451 2302 4509 (28)
2328 4450 2680 4512 Epaminondas
2708 4450 2903 4513 quidem
2935 4452 3091 4503 amico
3126 4454 3318 4503 cuidam

1763 4543 1851 4578 suo
1879 4530 2151 4593 mandavit,
2180 4537 2233 4580 ut
2258 4533 2455 4583 divitem
2489 4534 2763 4597 quempiam
2798 4535 3046 4586 accederet
3081 4542 3128 4587 et
3168 4538 3228 4586 ab
3265 4551 3319 4586 en

1759 4614 1994 4663 talentum
2030 4618 2277 4678 posceret,
2312 4617 2379 4665 ita
2419 4630 2472 4666 se
2510 4617 2768 4678 imperasse
2807 4618 2970 4670 dicens
3018 4635 3030 4668 :
3073 4634 3316 4684 quumque

1763 4693 1900 4744 dives
1918 4695 2220 4757 accessisset,
2237 4710 2429 4746 causam
2449 4698 2691 4748 sciscitans
2712 4714 2725 4747 ε
2755 4702 2909 4761 Quia,
2927 4701 3109 4765 inquit,
3130 4701 3215 4752 hic
3239 4707 3311 4753 vir

1761 4776 2067 4840 bonuseqet,
2091 4782 2148 4828 tu
2172 4778 2404 4836 demes,
2423 4783 2515 4844 qui
2531 4781 2702 4831 mulla
2716 4784 2953 4834 civitatis
2977 4784 3110 4834 bona
3135 4788 3190 4834 in
3212 4799 3320 4834 rem

1762 4862 1909 4909 ticam
1929 4865 2147 4912 vertisti.
2216 4864 2316 4924 (29)
2338 4867 2397 4913 Et
2419 4866 2692 4927 Agesilaum
2714 4869 2978 4931 Xenophon
3001 4869 3167 4919 scribit
3190 4868 3319 4918 laeta·

1760 4947 1864 4992 tum
1898 4944 2047 4994 tuisse
2077 4947 2266 5008 quoties
2305 4948 2514 4997 amicum
2551 4949 2749 5012 ditaret,
2786 4965 2937 5014 quum
2979 4952 3174 5016 quidem
3217 4953 3318 5014 ipse

1759 5026 1955 5076 divitias
1978 5028 2263 5092 despiceret.

1818 5113 1948 5159 xlv.
1998 5114 2221 5162 Ceterum
2255 5112 2478 5176 quoniam
2521 5115 2784 5170 omnibus,
2824 5120 2877 5165 ut
2916 5117 2981 5164 ait
3021 5114 3312 5172 Simonides,
