3709 5609
169 299 289 345 mu„
317 299 377 350 t,
410 299 461 340 F.
489 299 599 357 οτιι,
625 279 817 356 seve]

159 445 254 503 περ
280 419 432 480 αὐτοὶ
454 418 722 501 λέγωσιν,
750 417 897 479 οὐθὲν
923 410 996 477 ῶν
1016 417 1300 498 πάσχουσα
1339 418 1579 501 φαίνεται
1606 424 1721 497 ν’ῦν,

160 503 296 568 ἀλλὰ
322 508 390 569 τὰ
417 508 627 568 ἐναντία
652 507 828 567 πάντα
855 505 1083 587 πάσχειν
1114 505 1277 577 αὐτὴν
1305 505 1568 589 προσῆκόν
1598 508 1727 580 ἐστι,

167 598 432 679 ραίνεσθαι
464 595 557 677 μὲν
595 596 682 655 ὅτε
707 594 1013 675 κρύπτεται,
1059 593 1382 675 κρύπτεσθαι
1411 592 1466 653 δὲ
1501 594 1726 666 ὁπηνίκα

161 687 415 768 φαίνεται·
452 684 718 757 τουτέστι,
742 682 1064 765 κρύπτεσθαι
1098 682 1193 760 μὲν
1238 682 1326 742 τὸν
1357 682 1516 741 ἄλλον
1537 681 1725 764 χρόνον

104 799 128 835 ε
156 774 256 834 ὑπὸ
277 780 374 835 τοῦ
392 773 724 855 περιέχοντος
752 770 954 851 αἰθέρος
978 768 1405 851 ἀμαυρουμένην,
1436 770 1725 846 ἐκλάμπειν

155 865 207 922 δὲ
232 862 325 922 καὶ
354 862 588 941 γίνεσθαι
612 865 891 942 καταφανῆ
922 860 988 917 δι’
1017 857 1070 927 ἓξ
1100 861 1300 936 μηνῶν,
1329 858 1422 917 καὶ
1447 858 1608 917 πάλιν
1641 858 1727 918 διὰ

152 949 389 1030 πέντετῇ
416 958 542 1031 σκιᾷ
569 953 660 1020 τῆς
675 952 772 1027 γῆς
797 944 1174 1025 ὖποδυομένην.
1224 948 1313 1023 (ιο)
1347 949 1417 1006 Αἱ
1441 945 1544 1027 γὰρ
1568 944 1724 1006 πέντε

153 1040 242 1098 καὶ
261 1038 519 1110 ἑξήκοντα
535 1037 626 1098 καὶ
648 1035 986 1119 τετρακόσιαι
1008 1034 1237 1116 περίοδοι
1257 1038 1361 1094 τῶν
1385 1036 1725 1094 ἐκλειπτικῶν

151 1126 527 1202 πανσελήνων,
555 1124 648 1194 τὰς
676 1125 937 1206 τέσσαρας
960 1123 1052 1183 καὶ
1080 1122 1421 1205 τετρακοσίας
1444 1122 1728 1201 ἑξαμήνους

80 1237 125 1271 10
152 1215 337 1296 ἔχουσι
354 1262 371 1293 ,
408 1213 503 1282 τὰς
527 1215 574 1273 δ’
604 1213 770 1281 ἄλλας
792 1211 1172 1289 πενταμήνους.
1259 1213 1348 1291 (17)
1376 1208 1531 1272 Ἔδει
1556 1210 1725 1271 τοίνυν

152 1304 236 1362 διὰ
264 1302 529 1363 τοσούτων
553 1301 757 1383 χρόνων
781 1300 1052 1382 φαίνεσθαι
1070 1298 1165 1370 τὴν
1188 1298 1411 1372 σελήνην
1436 1300 1489 1358 ἐν
1510 1303 1577 1380 τῇ
1601 1308 1727 1381 σκιᾷ

148 1391 613 1473 λαμπρυνομένην·
646 1394 680 1462 ἡ
725 1386 781 1448 δὲ
809 1391 862 1447 ἐν
890 1387 984 1470 [effi
1017 1386 1171 1470 σκιᾷ]
1219 1385 1314 1461 μὲν
1365 1386 1596 1446 ἐκλείπει
1634 1388 1726 1446 καὶ

151 1481 416 1538 ἀπόλλυσι
449 1478 509 1538 τὸ
538 1481 674 1560 φῶς,
694 1475 1064 1553 ἀναλαμὸάνει
1094 1477 1141 1534 δ’
1171 1466 1346 1547 αὖθις,
1376 1472 1501 1534 ὅταν
1526 1475 1724 1558 ἐκφύγῃ

152 1569 243 1633 τὴν
272 1567 455 1644 σκιὰν,
480 1566 573 1626 καὶ
600 1564 837 1649 φαίνεταί
862 1588 923 1644 γε
951 1563 1203 1631 πολλάκις
1230 1563 1463 1645 ἡμέρας,
1494 1566 1563 1630 ὡς
1585 1562 1721 1621 ποίν-

78 1681 121 1718 tt»
148 1682 212 1715 τα
247 1658 448 1734 μᾶλλον
473 1653 509 1728 ἢ
533 1653 746 1737 πύρινον
774 1645 908 1713 οὖσα
937 1657 1093 1730 σῶμα
1123 1651 1214 1710 καὶ
1230 1649 1561 1731 ἀστεροειδές.

226 1747 385 1807 XXI.
430 1743 686 1811 Εἰπόντος
718 1743 772 1801 δὲ
808 1746 962 1801 τοῦτο
990 1747 1079 1800 τοῦ
1126 1739 1379 1813 Λευκίου,
1417 1738 1725 1820 συνεξέδρα-

148 1856 247 1911 μον
280 1831 396 1909 ἅμα
425 1855 538 1898 πως
572 1833 649 1911 τῷ
677 1828 877 1911 [λόγῳ]
908 1826 941 1887 ὅ
964 1851 1021 1887 τε
1039 1827 1331 1911 Φαρνάκης
1356 1826 1447 1887 καὶ
1474 1830 1503 1886 ὁ
1532 1827 1725 1887 Ἀπολ-

144 1919 389 1992 λωνίδης·
413 1910 528 1978 εἶτα
551 1924 644 1977 τοῦ
659 1916 1042 1978 Ἀπολλωνίδου
1073 1915 1325 1997 παρέντος
1339 1961 1355 1988 ,
1380 1919 1408 1974 ὁ
1435 1914 1727 1995 Φαρνάκης

145 2000 311 2082 εἶπεν,
359 2006 443 2066 ὅτι
485 2012 640 2066 τοῦτο
688 2005 780 2066 καὶ
811 2005 1043 2083 μάλιστα
1086 2003 1182 2077 τὴν
1211 2003 1434 2077 σελήνην
1471 2003 1725 2062 δείκνυσιν

75 2118 120 2157 eu
147 2097 340 2176 ἄστρον
369 2092 405 2166 ἢ
441 2100 545 2176 π’ῡρ
569 2085 746 2154 οὖσαν·
775 2095 833 2153 οὗ
856 2092 958 2174 γάρ
1003 2094 1117 2151 ἐστι
1143 2094 1411 2160 παντελῶς
1440 2091 1627 2163 ἄδηλος
1673 2094 1726 2149 ἐν

144 2194 260 2252 ταῖς
293 2183 610 2266 ἐκλείψεσιν,
642 2180 779 2242 ἀλλὰ
808 2181 1069 2264 διαφαίνει
1090 2179 1209 2240 τινὰ
1229 2179 1398 2261 ,χρόαν
1418 2176 1724 2257 ἀνθρακώδη

148 2274 239 2333 καὶ
279 2271 563 2354 βλοσυρὰν,
587 2271 703 2343 ἥτις
728 2269 856 2337 ἴδιός
880 2273 1019 2329 ἐστιν
1044 2272 1222 2342 αὐτῆς.
1246 2322 1254 2329 .
1277 2271 1337 2346 (2)
1362 2268 1431 2330 ‘O
1467 2268 1511 2328 δ’
1540 2268 1725 2328 Ἄπολ-

146 2363 373 2434 λωνίδης
401 2361 582 2433 ἐνέστη
606 2358 728 2441 περὶ
754 2364 852 2432 τῆς
882 2367 1049 2427 σκιᾶς·
1081 2356 1164 2416 ἀεὶ
1200 2355 1302 2437 γὰρ
1328 2355 1491 2425 οὕτως
1526 2354 1725 2433 ὀνομά-

144 2455 248 2519 ζειν
277 2450 401 2518 τοὺς
425 2446 819 2527 μαθηματικοὺς
841 2446 930 2507 τὸν
953 2449 1178 2523 ἀλαμπῆ
1198 2444 1375 2519 τόπον,
1396 2443 1548 2505 σκιάν
1566 2467 1624 2502 τε
1649 2441 1723 2520 μὴ

76 2566 118 2601 xa
144 2540 396 2619 δέχεσθαι
418 2537 507 2597 τὸν
535 2536 771 2617 οὐρανόν.
859 2537 921 2614 (3)
946 2536 977 2565 ¹*
1002 2532 1149 2612 Ἐγὼ
1169 2533 1225 2593 δὲ
1247 2538 1403 2593 τοῦτο
1423 2531 1542 2611 μὲν,
1567 2530 1725 2612 ἔφην,

146 2630 272 2710 πρὸς
317 2625 552 2704 τοῦνομα
597 2626 798 2704 μᾶλλον
826 2627 1131 2706 ἐριστικῶς,
1174 2621 1211 2695 ἢ
1251 2620 1382 2704 πρὸς
1407 2620 1469 2680 τὸ
1503 2628 1727 2702 πρᾶγμα

145 2719 379 2798 φυσικῶς
404 2715 495 2774 καὶ
546 2716 931 2792 μαθηματικῶς
957 2710 1310 2787 ἐνισταμένου·
1338 2708 1425 2770 τὸν
1448 2706 1550 2791 γὰρ
1578 2710 1728 2768 ἀντι-

147 2803 506 2886 φραττόμενον
532 2802 635 2862 ὑπὸ
674 2807 767 2875 effi<
792 2805 889 2879 γῆς
906 2800 1064 2860 τόπον
1095 2802 1141 2859 εἰ
1165 2797 1240 2877 μὴ
1270 2798 1425 2860 σκιάν
1454 2823 1531 2865 τις
1562 2796 1727 2858 ἐθέλοι

148 2898 354 2965 καλεῖν,
389 2894 506 2950 ἀλλ’
532 2888 753 2974 ἀφεγγὲς
780 2890 992 2970 χωρίον,
1019 2887 1160 2966 ὅμως
1190 2892 1471 2967 ἀναγκαῖον
1500 2889 1551 2945 ἐν
1584 2888 1726 2966 αὐτῷ

76 3001 121 3037 an
148 2984 241 3054 τὴν
265 2981 498 3051 σελήνην
521 2977 806 3057 γενομένην
833 2979 896 3010 *⁴*
935 2982 998 3056 (4)
1034 2977 1140 3037 Καὶ
1178 2975 1343 3047 ὅλως,
1372 2973 1519 3057 ἔφην,
1550 2973 1727 3044 εὔηθές

146 3076 304 3144 ἐστιν,
357 3073 465 3129 ἐκεῖ
494 3068 567 3148 μὴ
599 3069 761 3150 φάναι
795 3072 895 3139 τῆς
931 3071 1027 3146 γῆς
1065 3065 1371 3133 ἐξικνεῖσθαι
1416 3062 1514 3132 τὴν
1555 3060 1724 3135 σκιὰν,

148 3158 342 3240 [ὅπου]
368 3165 402 3229 ἡ
433 3156 557 3217 σκιὰ
584 3161 677 3229 τῆς
717 3155 939 3227 σελήνης
975 3153 1329 3212 ἐπιπίπτουσα
1371 3155 1436 3232 τῇ
1465 3150 1605 3231 ὄψει.
1636 3149 1721 3208 καὶ

148 3233 466 3327 Ῐδιήκουσα]
497 3269 540 3303 π
571 3243 626 3311 ὸς
665 3242 761 3315 τὴν
790 3247 908 3322 γῆν,
961 3239 1191 3323 ἔκλειψιν
1233 3238 1383 3311 ἡλίου
1423 3248 1577 3298 ποιεῖ.
1662 3239 1723 3315 (ε)

153 3337 292 3419 Πρὸς
319 3336 380 3394 σὲ
422 3333 477 3392 δὲ
499 3379 517 3409 ,
547 3358 591 3392 ω
617 3331 910 3412 Φαρνάκη,
941 3328 1220 3413 τρέψομαι·
1248 3327 1308 3386 τὸ
1333 3326 1432 3406 γὰρ
1457 3329 1725 3407 ἀνθρακῶ-

76 3440 121 3478 ³⁶
147 3429 224 3493 δες
254 3430 424 3485 ἐκεῖνο
447 3420 537 3482 καὶ
561 3418 771 3484 διακαὲς
792 3422 986 3501 χρῶμα
1008 3421 1103 3489 τῆς
1129 3415 1348 3488 σελήνης
1368 3461 1386 3491 ,
1415 3414 1445 3475 ὃ
1472 3414 1571 3496 φῂς
1596 3413 1726 3473 ἴδιον

149 3517 309 3583 αὖτῆς
334 3502 501 3589 εἶναι,
540 3506 785 3586 σώματός
811 3511 923 3572 ἐστι
950 3502 1255 3576 πυκνότητα
1286 3502 1378 3563 καὶ
1401 3502 1554 3581 βάθος
1584 3500 1728 3581 ἔχον-

146 3626 244 3668 τος·
279 3597 432 3659 οὐθὲν
485 3595 589 3678 γὰρ
616 3595 779 3656 ἐθέλει
831 3596 937 3662 τοῖς
965 3597 1168 3675 ἀραιοῖς
1194 3590 1497 3670 ὑπόλειμμα
1542 3588 1729 3671 φλογὸς

150 3692 253 3747 οὐδ’
282 3688 434 3769 ’ί-χνος
450 3685 709 3766 ἐμμένειν,
734 3684 842 3744 οὐδ’
869 3682 1009 3742 ἔστιν
1038 3680 1291 3762 ἄνθρακος
1311 3677 1509 3757 γένεσις
1524 3723 1540 3754 ,
1563 3668 1623 3736 οὗ
1653 3672 1726 3754 μὴ

150 3756 452 3858 στερέμνιον
494 3778 678 3851 σῶμα,
705 3770 981 3849 δεξάμενον
1024 3766 1109 3827 διὰ
1146 3766 1332 3846 βάθους
1357 3764 1457 3839 τὴν
1495 3764 1730 3847 πύρωσιν

85 3887 125 3923 ιο
149 3866 236 3924 καὶ
253 3868 439 3933 σῶζον·
464 3861 535 3930 ὥς
557 3886 658 3921 που
682 3852 1045 3940 καὶ’”ομηρος
1068 3855 1292 3938 εἴρηκεν,

271 4025 430 4087 Αὐτὰρ
450 4024 549 4072 ἐπεὶ
567 4020 710 4085 πυρὸς
728 4019 861 4076 ἄνθος
876 4017 1135 4075 ἀπέπτατο,
1151 4017 1368 4066 παύσατο
1387 4014 1436 4065 δὲ
1453 4015 1562 4077 φλὸξ

274 4094 528 4159 ἀνθρακιὴν
551 4092 837 4157 στορέσασα.

155 4240 213 4320 ξε)
241 4240 314 4302 Ὅ
334 4235 436 4320 γὰρ
457 4234 649 4318 ἄνθραξ
674 4233 836 4294 ἔοικεν
854 4232 914 4291 οὗ
939 4235 1046 4314 π’ῡρ
1071 4227 1209 4289 ἀλλὰ
1230 4232 1385 4302 σῶμα
1415 4222 1730 4308 πεπυρωμέ-

153 4355 234 4390 νον
265 4320 432 4400 εἶναι,
474 4324 567 4386 καὶ
595 4319 848 4388 πεπονθὸς
874 4318 978 4378 ὕπὸ
1002 4318 1196 4400 πυρὸς,
1228 4317 1424 4397 στερεῷ
1454 4312 1544 4372 καὶ
1586 4312 1731 4394 ῥίζαν

88 4448 128 4482 ιε,
154 4419 325 4497 ἔγοντι
349 4412 732 4497 προσμένοντος
748 4409 892 4490 ὄγκῳ
922 4407 1014 4468 καὶ
1047 4402 1558 4487 προσδιατρίὸοντος·
1588 4404 1643 4460 αἱ
1676 4399 1732 4459 δὲ

156 4487 341 4586 φλόγες
381 4507 570 4583 ἀραιᾶς
619 4496 748 4558 εἰσὶν
795 4496 974 4577 ἔξαψις
1013 4493 1107 4554 καὶ
1137 4492 1375 4574 ῥεύματα
1403 4494 1597 4573 τροφῆς
1642 4486 1732 4547 καὶ

156 4596 308 4667 ὕλης,
336 4590 473 4672 eon-sb
527 4588 591 4648 δι’
621 4585 890 4647 ἀσθένειαν
929 4581 1305 4658 ἀναλυομένης·
1332 4579 1456 4637 ὥστ’
1492 4576 1636 4636 οὐδὲν
1667 4574 1730 4634 ἂν

157 4686 365 4763 ὑπῆρχε
384 4661 474 4739 τοῦ
498 4675 669 4757 γεώδη
693 4673 784 4734 καὶ
806 4671 1009 4743 πυκνὴν
1032 4661 1165 4730 εἶναι
1188 4667 1283 4740 τὴν
1309 4666 1531 4738 σελήνην
1561 4664 1732 4744 ἕτερον

160 4749 561 4846 οὕτωςῠέναργὲς
603 4763 909 4843 τεκμήριον,
961 4760 1107 4839 εἴπερ
1154 4760 1315 4828 αὔτ’-ῆς
1359 4755 1486 4813 ἴδιον
1539 4744 1623 4823 ἦν,
1666 4755 1736 4818 ὡς

90 4882 134 4918 ω
159 4862 392 4938 γρῶμα,
417 4853 478 4913 τὸ
515 4852 857 4932 ἀνθρακῶδες.-
946 4850 1009 4925 (7)
1028 4847 1166 4910 Ἀλλ’
1193 4846 1288 4905 οὐκ
1330 4843 1489 4912 ἔστιν,
1532 4831 1577 4899 ὦ
1618 4838 1734 4921 φίλε

162 4926 443 5025 (ὑαρνάκη-
477 4939 676 5007 πολλὰς
703 4938 807 5021 γὰρ
834 4936 1149 4997 ἐκλείπουσα
1173 4932 1339 5015 χρόας
1371 4928 1580 5007 ἀμείὸει
1598 4975 1615 5006 ,
1644 4927 1737 4987 καὶ

167 5036 455 5111 διαιροῦσιν
505 5026 664 5094 αὗτόις
686 5027 849 5094 οὕτως
875 5028 924 5086 οῖ
972 5021 1329 5102 μαθηματικοὶ
1376 5015 1513 5078 κατὰ
1549 5016 1735 5097 χρόνον

164 5121 253 5180 καὶ
271 5120 417 5197 ὥραν
445 5115 782 5194 ἀφορίζοντες·
800 5114 864 5174 ἂν
882 5113 968 5192 ἀφ’
993 5110 1211 5191 ἑσπέρας
1236 5107 1452 5186 ἐκλείπῃ
1468 5153 1482 5177 ,
1499 5106 1736 5187 φαίνεται

1261 279 1357 335 ΠΕ
1409 279 1625 335 tf'fflztizz
1669 279 1749 339 IN
1797 279 1998 335 URBE}
2042 283 2286 341 istm-‘Es

3230 299 3374 347 1143

1816 440 1929 490 qum
1959 428 2176 479 accidere
2194 431 2237 480 el
2258 428 2504 489 videmuS,
2531 428 2615 479 sed
2639 430 2873 481 contraria
2896 431 3052 482 omnia
3080 431 3272 485 evenire
3294 447 3374 498 par

1818 513 1907 564 l'uit
1927 528 1942 564 :
1965 515 2190 565 nimirum
2206 518 2261 567 ut
2280 516 2536 577 videi-etur,
2556 517 2748 582 quando
2764 533 2891 569 nunc
2906 521 3199 583 occultatum
3223 523 3375 573 oecul-

1816 605 2014 664 taretur,
2040 604 2234 667 quando
2250 606 2446 669 apparet
2467 619 2481 654 ε
2502 606 2596 655 hoc
2612 612 2685 656 est
2699 642 2714 668 ,
2730 607 2913 670 reliquo
2926 610 3140 672 tempore
3157 611 3378 663 occultari

1815 689 2021 741 debebat
2036 728 2052 755 ,
2075 692 2136 742 ah
2158 694 2337 744 aethere
2368 694 2641 746 continente
2670 694 2944 757 obscurata,
2967 696 3194 760 ellulgere
3220 704 3377 751 autem

1815 780 1865 828 et
1879 778 2131 842 splendere
2172 793 2257 842 per
2292 794 2377 831 sex
2419 795 2625 843 menses,
2662 795 2957 847 rursumque
2986 785 3105 834 alios
3138 786 3379 849 quinque,

1815 866 2008 929 quando
2039 868 2130 917 sub
2154 868 2373 918 umbram
2398 876 2536 919 terrae
2559 870 2706 920 subit.
2774 872 2873 932 (16)
2915 874 3032 922 Nam
3062 873 3126 922 illi
3159 875 3382 937 quadrin-

1814 955 1944 1016 genti
1969 956 2213 1019 sexaginta
2234 958 2507 1021 etquinque
2525 958 2754 1008 circuitus
2764 961 3090 1023 eclipticorum
3103 961 3382 1025 plenilunio·

1816 1056 1950 1103 rum,
1975 1044 2344 1108 quadringentos
2372 1052 2419 1096 et
2443 1051 2670 1111 quattuor
2693 1047 2870 1099 habent
2902 1062 2985 1099 sex
3018 1050 3265 1100 mensibus
3289 1054 3382 1101 sin·

1815 1131 1982 1193 gulos,
2030 1132 2241 1195 reliquos
2267 1132 2478 1197 quinque
2501 1136 2747 1186 mensibus
2768 1141 3057 1187 constantes.
3127 1141 3227 1199 (17)
3269 1143 3379 1190 Ροει

1818 1222 1950 1268 tanta
1972 1218 2114 1280 igitur
2135 1223 2406 1285 temporum
2428 1223 2673 1272 intervalla
2695 1224 2945 1287 oportebat
2973 1226 3133 1275 lunam
3156 1240 3380 1290 apparere

1817 1306 1870 1356 in
1912 1307 2084 1358 umbra
2119 1308 2465 1373 splendentem.
2532 1316 2594 1361 At
2615 1325 2670 1361 ea
2707 1311 2754 1361 in
2789 1312 2959 1362 umbra
2991 1313 3183 1378 quidem
3221 1315 3381 1366 lumen

1815 1409 1959 1445 suum
1984 1397 2193 1459 amittit;
2227 1403 2473 1461 recuperat
2508 1401 2668 1448 autem
2695 1399 2828 1461 illud,
2867 1407 3119 1464 postquam
3163 1402 3382 1453 umbram

1814 1482 1997 1546 effugit.
2064 1489 2124 1535 Et
2143 1498 2258 1536 sane
2280 1485 2485 1536 interdiu
2506 1499 2835 1550 soepenumero
2854 1495 3049 1552 apparet
3075 1504 3088 1537 ε
3116 1495 3170 1539 ut
3191 1491 3382 1553 quidvis

1816 1571 1977 1635 potius
2000 1587 2143 1635 quam
2168 1572 2357 1636 igneum
2379 1579 2427 1624 et
2449 1574 2686 1625 sidereum
2709 1589 2884 1639 corpus
2910 1577 3168 1628 existimari
3191 1579 3375 1629 debeat.

1878 1757 2008 1805 XXI.
2042 1758 2143 1804 Hoc
2163 1755 2243 1806 ubi
2259 1756 2378 1807 dtxit
2397 1756 2592 1820 Lucius,
2608 1757 2978 1822 provolaverunt
2992 1758 3135 1808 slmul
3151 1758 3370 1823 quodam-

1815 1842 1959 1892 modo
1985 1842 2044 1892 ad
2074 1843 2395 1907 impugnanda
2413 1845 2550 1896 istaec
2573 1846 2842 1896 Pharnaces
2869 1850 2919 1897 et
2937 1845 3256 1910 Apollonides.
3322 1851 3385 1900 Et

1813 1928 2103 1981 eoncedente
2148 1931 2335 1982 dicendi
2381 1937 2537 1995 partes
2582 1933 2863 1996 Apollonide
2877 1969 2891 1994 ,
2929 1934 3197 1985 Pharnaces
3233 1951 3248 1985 τ
3282 1938 3384 1986 noc

1815 2018 2002 2081 ipsum,
2041 2018 2222 2082 inquit,
2255 2020 2462 2069 maxime
2490 2018 2702 2070 ostendit
2733 2020 2895 2070 lunam
2928 2026 3113 2071 astrum
3141 2034 3273 2083 esse,
3300 2029 3384 2072 aut

1815 2106 1992 2168 ignem.
2057 2108 2164 2156 Non
2191 2107 2318 2157 enim
2338 2121 2534 2171 prorsus
2554 2108 2670 2159 latet
2700 2108 2748 2157 in
2769 2106 3059 2168 defectibus,
3081 2108 3168 2160 sed
3191 2111 3381 2175 effulget

1814 2194 1973 2245 colore
2008 2193 2217 2258 quodam
2255 2209 2457 2257 prunam
2491 2194 2724 2246 referente
2745 2200 2793 2246 et
2828 2197 3057 2259 terribili,
3080 2197 3163 2261 qui
3183 2198 3287 2260 ejus
3309 2203 3384 2249 est

1815 2279 2056 2344 proprius.
2092 2281 2157 2344 (2)
2173 2280 2478 2344 Apollonides
2487 2285 2647 2333 autem
2670 2282 2872 2333 instabat
2885 2283 3118 2334 adversus
3132 2286 3354 2336 umbram
3367 2322 3382 2348 ‚

1815 2368 2036 2429 inquiens
2055 2370 2126 2420 sic
2145 2382 2334 2434 semper
2345 2384 2371 2420 e
2386 2370 2738 2421 mathematicis
2751 2370 2844 2421 dici
2860 2371 3017 2422 locum
3032 2373 3114 2437 qui
3129 2374 3260 2424 nulla
3278 2375 3381 2425 illu-

1816 2461 1994 2507 stratur
2006 2456 2114 2507 luce
2132 2472 2145 2507 :
2163 2461 2268 2507 tum
2284 2457 2504 2508 umbi-am
2523 2472 2551 2508 a
2566 2459 2687 2509 eoelo
2706 2473 2802 2509 non
2821 2459 3026 2510 admitti.
3044 2460 3112 2524 (3)
3128 2464 3228 2513 Hoc
3245 2476 3381 2525 vero,

1815 2543 2032 2606 aiebam,
2055 2550 2128 2596 est
2158 2548 2323 2596 contra
2346 2559 2522 2597 nomen
2543 2545 2702 2611 potius
2733 2548 3018 2612 sophistice,
3038 2563 3183 2611 quam
3209 2550 3256 2598 in
3281 2562 3381 2600 rem

1814 2632 2015 2696 physice
2026 2636 2114 2684 aut
2133 2634 2469 2685 mathematice
2487 2633 2795 2698 disputantis.
2860 2640 2985 2687 Eum
3005 2636 3134 2687 enim
3150 2637 3271 2686 infra
3290 2641 3382 2688 ter·

1815 2734 1917 2770 ram
1940 2720 2129 2783 locum,
2148 2720 2209 2771 ad
2229 2736 2375 2786 quem
2397 2722 2558 2773 aditus
2584 2722 2753 2773 lumini
2777 2727 2853 2774 est
2881 2725 3190 2785 obstr-nctus,
3211 2723 3253 2776 sl
3274 2739 3382 2775 um-

1817 2809 1951 2858 bram
1967 2808 2076 2872 quis
2090 2809 2247 2861 dicere
2260 2811 2398 2873 nolit,
2414 2810 2499 2861 sed
2518 2810 2713 2862 luminis
2728 2824 2930 2861 vacuam
2947 2812 3206 2874 regionem,
3221 2814 3383 2863 tamen

1816 2911 2011 2948 neeesse
2028 2901 2104 2949 est
2117 2899 2280 2950 lunam
2295 2899 2487 2964 quando
2509 2914 2566 2950 eo
2586 2899 3114 2966 pervenlt[obscurari].
3138 2901 3207 2963 (4)
3224 2903 3383 2964 Atque

1815 2985 2037 3047 omnino,
2072 2985 2323 3047 dicebam,
2358 2987 2544 3037 fatuum
2581 2990 2656 3038 est
2690 3001 2861 3050 negare
2897 2988 3117 3043 umbram
3149 2991 3289 3038 terrm
3324 3001 3383 3038 eo

1815 3075 2109 3137 pertingere,
2143 3089 2295 3138 quum
2332 3080 2492 3126 tamen
2528 3076 2696 3126 umbra
2733 3076 2861 3127 lunoe
2896 3076 3111 3127 incidens
3146 3077 3272 3127 visui
3287 3114 3302 3137 ‚
3334 3079 3383 3127 et

1817 3164 2088 3227 pertingens
2109 3163 2170 3213 ad
2191 3168 2395 3226 terram,
2428 3163 2669 3215 defectum
2701 3166 2816 3215 solis
2836 3165 2993 3215 iaciat.
3061 3167 3127 3227 (5)
3145 3169 3285 3217 Nune
3306 3178 3384 3216 me

1816 3250 1880 3300 ad
1893 3254 1967 3313 te,
1987 3253 2260 3314 Pharnace,
2274 3255 2570 3303 convertam:
2634 3253 2780 3304 Color
2803 3253 2930 3303 enim
2951 3253 3044 3303 illae
3067 3268 3237 3317 prunae
3258 3253 3385 3304 simi·

1816 3339 1878 3389 lis
1895 3342 1945 3390 et
1963 3339 2138 3390 ardens
2155 3340 2307 3401 lunae,
2332 3354 2478 3404 quem
2498 3341 2601 3403 ejus
2620 3341 2864 3406 proprium
2883 3354 2990 3391 esse
3013 3340 3197 3403 inquis,
3222 3353 3384 3405 eorpo-

1817 3428 1882 3478 ris
1906 3433 1979 3478 est
1997 3427 2233 3479 densitate
2255 3432 2305 3479 et
2338 3427 2659 3492 profunditate
2688 3428 2875 3492 praediti
2899 3444 2910 3477 :
2946 3429 3094 3479 nulloe
3118 3430 3247 3479 enim
3272 3430 3385 3479 reli-

1816 3515 1963 3579 quiae,
1984 3515 2171 3565 nullum
2193 3515 2451 3579 vestigium
2473 3516 2679 3565 flammae
2703 3514 2753 3566 in
2773 3516 2892 3566 raris
2909 3518 3155 3579 permanet
3183 3516 3387 3579 corpori-

1816 3603 1937 3665 bus,
1954 3616 2044 3654 nec
2065 3617 2231 3667 pruna>
2256 3603 2403 3665 fluunt,
2425 3604 2504 3653 ubi
2524 3618 2617 3654 non
2641 3603 2834 3667 aliquod
2858 3604 3064 3654 solidum
3084 3617 3260 3668 corpus
3279 3603 3388 3654 sub-

1813 3691 1998 3756 jicitur,
2020 3690 2148 3754 quod
2178 3692 2278 3741 vim
2303 3692 2423 3755 ignis
2448 3693 2544 3742 alte
2562 3691 2822 3741 admissam
2854 3695 3014 3743 servet
3035 3707 3048 3741 :
3075 3693 3204 3742 sicut
3223 3694 3273 3743 el
3296 3693 3386 3743 llo·

1819 3793 1983 3831 merus
2005 3779 2178 3829 alicubi
2203 3779 2304 3830 ait:

1931 4017 2168 4062 Exstincto
2189 4018 2439 4073 postquam
2456 4014 2537 4061 sed
2560 4014 2747 4062 flamma
2763 4013 2956 4061 evanuit
2973 4013 3077 4071 igne
3095 4046 3109 4069 ‚

1925 4096 2178 4143 substravit
2197 4107 2384 4153 prunas⁸

1820 4236 1888 4299 (6)
1910 4239 2013 4287 Non
2042 4234 2170 4284 enim
2193 4232 2338 4294 ignis,
2372 4231 2456 4280 sed
2486 4244 2663 4294 corpus
2691 4229 2896 4292 ignitum
2919 4228 3110 4279 videtur
3130 4241 3309 4290 pruna,
3329 4227 3390 4278 ab

1821 4332 1917 4396 igni
1950 4331 2120 4380 affecta
2151 4343 2256 4388 res,
2277 4328 2358 4391 qui
2395 4328 2442 4376 in
2467 4340 2667 4390 corpore
2697 4325 2851 4377 solido
2881 4330 2932 4377 et
2954 4324 3161 4375 radicem
3188 4325 3391 4375 habente

1822 4431 2098 4491 permaneat
2122 4439 2180 4476 ae
2211 4424 2387 4475 duret:
2413 4425 2621 4473 ssammae
2651 4423 2843 4484 antem,
2876 4420 2971 4472 reri
3005 4420 3314 4482 nutrimenti,
3343 4426 3392 4470 et

1821 4525 2035 4576 materiai
2057 4523 2273 4574 celeriter
2295 4522 2358 4572 ob
2379 4520 2702 4571 infirmitatem
2723 4523 3019 4581 consumta,
3045 4517 3316 4569 incendium
3336 4531 3391 4568 ac

1820 4623 1981 4671 fluxus
2003 4623 2133 4670 sunt.
2203 4623 2368 4682 ltaque
2400 4616 2565 4666 lunam
2602 4621 2838 4666 terrenam
2861 4628 2969 4666 esse
2994 4616 3045 4666 et
3079 4614 3278 4666 densam
3309 4614 3392 4664 vix

1825 4719 1923 4768 ullo
1947 4718 2042 4768 alio
2064 4730 2205 4782 aeque
2228 4714 2437 4767 evidenti
2455 4714 2736 4776 argumento
2758 4710 2946 4762 ostendi
2980 4715 3203 4776 poterat:
3229 4712 3270 4760 si
3289 4710 3392 4774 qui·

1822 4817 1935 4866 dem
1959 4827 2172 4879 pruneus
2209 4813 2289 4864 ille
2319 4812 2450 4862 color
2483 4811 2588 4874 ejus
2620 4813 2745 4860 esset
2782 4809 3018 4874 proprius.
3086 4808 3156 4870 (7)
3177 4807 3272 4859 Sed
3295 4822 3394 4857 non

1824 4917 1927 4975 est,
1953 4912 2020 4962 mi
2051 4913 2295 4962 Pharnace
2322 4924 2336 4959 ε
2362 4909 2583 4960 videmus
2606 4907 2733 4959 enim
2766 4907 2930 4957 lunam
2955 4904 3255 4957 deficientem
3276 4905 3397 4955 alias

1826 5011 1974 5061 alium
1997 5010 2205 5059 colorem
2226 5020 2417 5058 sumere
2435 5024 2450 5069 ;
2474 5020 2596 5069 quos
2622 5004 2943 5055 mathematici
2967 5001 3196 5067 temporis
3216 5000 3395 5051 ratione

1826 5110 1897 5159 sic
1929 5109 2239 5157 discernunt:
2264 5106 2304 5156 si
2348 5104 2440 5154 sub
2473 5115 2720 5167 vesperam
2754 5101 2865 5151 luna
2889 5100 3075 5160 delicit,
3107 5094 3394 5148 horribiliter
