3709 5609
377 315 485 359 aaa
1097 295 1771 355 ETMltnElal÷1ffl
1837 291 2286 351 nmmum,
2350 295 2662 363 nitram,
2710 293 2778 351 μ’.
3268 299 3542 371 [naath-2..

377 428 511 485 ’καὶ
540 426 762 504 Νικίας,
787 430 815 483 6
838 424 1187 497 Νικοπολίτης
1210 423 1408 504 ἰατρὸς,
1433 423 1621 493 Οὐδὲν,
1647 423 1772 502 ἔφη,
1803 425 1936 479 θαυ-
1977 445 1987 511 1
2023 432 2147 479 Tum
2184 430 2367 492 Niciam,
2391 432 2656 495 Nicopolita
2676 433 2917 493 medicus,
2950 435 3127 484 Mirum
3152 449 3248 486 non
3272 443 3366 492 est.
3395 440 3546 502 inquit,

380 522 596 593 μαστὸν,
624 519 671 575 εἰ
697 513 964 586 ποιητικὸς
990 512 1121 591 ἀνὴρ
1138 558 1155 587 ,
1201 512 1461 581 Ἀλκαῖος,
1486 508 1739 589 ἠγνόησεν
1776 508 1806 568 ὃ
1845 507 1938 566 καὶ
2023 517 2086 567 ab
2103 518 2289 579 Alcaeo,
2315 520 2506 568 homine
2541 522 2739 583 poeticae
2770 521 2958 583 dedito,
2997 524 3268 585 ignoratum
3291 528 3428 576 fuisse
3446 531 3549 590 quod

377 605 606 666 Πλάτων
645 608 673 661 6
714 602 1004 683 φιλόσοφος.
1093 604 1155 677 (ε)
1201 598 1390 661 Καίτοι
1426 597 1513 656 τὸν
1557 595 1651 674 μὲν
1699 597 1937 656 Ἀλκαῖον
2025 606 2169 654 etiam
2206 608 2452 657 Platonem
2495 608 2728 662 fefellerit.
2812 610 2878 672 (2)
2915 614 3203 674 Quanquam
3241 615 3469 677 probabile
3493 624 3550 666 est

381 690 706 767 ἀμωσγέπως
747 688 1051 769 εὐπορήσειν
1092 686 1355 766 βοηθείας,
1403 684 1686 744 ἀπολαύειν
1720 684 1940 762 ἰκμάδος
1979 714 1986 768 3
2026 693 2236 742 Alcaeum
2258 694 2451 756 quidem
2469 694 2662 745 defendi
2684 698 3011 761 utcunqueita
3027 712 3196 762 posse,
3218 703 3551 766 utdicaturpffi.

325 784 351 821 ὅ
379 779 465 837 τὸν
492 777 789 857 πλεύμονα,
814 780 1114 855 γειτνιῶντα
1142 778 1217 856 τῷ
1242 773 1523 853 στομάχῳ,
1552 771 1643 830 καὶ
1671 769 1758 828 διὰ
1783 777 1940 830 τοῦτο
1980 778 1986 833 ἵ
2027 793 2235 840 monem,
2256 782 2499 831 stomacho
2519 781 2745 844 vicinum,
2765 784 2949 847 liquore
2967 791 3079 849 poto
3098 788 3190 837 trui
3205 825 3219 849 ‚
3239 802 3389 853 eoque
3407 792 3551 853 rigari:

375 865 649 945 τέγγεσθαι
666 863 881 924 πιθανόν
907 867 1070 921 ἐστιν·
1094 866 1123 921 6
1143 860 1198 920 δὲ
1223 862 1497 944 φιλόσοφος
1516 859 1706 917 οὑτωσὶ
1732 862 1938 939 σαφῶς,
1978 859 1987 981 i
2027 867 2162 917 Plato
2175 870 2430 931 autem,ita
2441 869 2619 920 diserte
2633 872 3556 939 scriptopolumpcrpulmonemtrans.

376 956 500 1036 ἔφη,
519 954 722 1034 γράψας
742 949 979 1020 διεξιέναι
998 949 1066 1009 τὰ
1098 949 1235 1008 ποτὰ
1259 949 1344 1007 διὰ
1365 955 1456 1007 τοῦ
1480 946 1797 1023 πλεύμονος,
1822 944 1940 1004 οὐδὲ
1981 993 1987 1031 γ
2029 958 2134 1017 ire,
2171 957 2317 1006 etiam
2349 957 2410 1005 iis
2440 958 2523 1021 qui
2560 958 2621 1007 ad
2656 959 3007 1011 defendendum
3064 964 3225 1025 ipsum
3271 966 3426 1015 animo
3465 976 3555 1016 sunt

375 1046 478 1108 τοῖς
525 1040 935 1121 προθυμοτάτοις
975 1037 1192 1115 ἀμύνειν
1234 1037 1558 1117 ἐπιχείρησιν
1603 1035 1736 1116 ὑπὲρ
1780 1037 1938 1093 αὑτοῦ
2027 1044 2378 1105 promtissimo,
2402 1046 2584 1095 nullam
2619 1046 2890 1098 verisimilis
2919 1051 3119 1100 rationis
3147 1054 3442 1102 occasionem
3471 1057 3553 1103 reli·

376 1129 597 1201 πιθανὴν
646 1127 978 1187 ἀπολέλοιπε.
1089 1129 1154 1204 (a)
1200 1125 1281 1186 Τὸ
1334 1124 1437 1206 γὰρ
1490 1121 1733 1202 ἀγνόημα
1783 1121 1939 1201 μέγα.
2026 1132 2148 1194 quit.
2217 1135 2286 1195 (3)
2306 1137 2448 1184 Error
2466 1135 2595 1183 enim
2621 1148 2821 1198 magnus
2839 1142 2929 1188 oet.
2998 1139 3243 1200 Primum,
3266 1143 3375 1204 quia
3392 1156 3554 1192 necesse

303 1228 351 1267 ιο
380 1220 598 1299 Πρῶτον
620 1216 732 1294 μὲν,
752 1215 833 1276 ὅτι
850 1219 943 1287 τῆς
957 1218 1119 1294 ὑγρᾶς
1134 1217 1328 1296 τροφῆς
1342 1212 1472 1293 πρὸς
1488 1211 1581 1282 τὴν
1605 1210 1764 1290 ξηρὰν
1784 1212 1941 1286 ἀναγ-
2027 1223 2102 1270 est
2120 1221 2372 1270 humidum
2392 1223 2739 1273 nutrimentum
2756 1238 2868 1275 cnm
2885 1227 3012 1276 sicco
3027 1229 3329 1290 permisceri,
3348 1231 3555 1292 probabile

376 1307 530 1363 καίαν
563 1304 786 1384 ἐχούσης
812 1302 907 1374 τὴν
945 1301 1207 1380 ἀνάμιξιν,
1236 1298 1370 1366 εἰκός
1397 1304 1509 1359 ἐστι
1539 1297 1727 1357 ταύτὸν
1767 1300 1942 1379 ἀμφο-
2027 1314 2102 1357 est
2125 1309 2361 1359 ambobus
2384 1323 2643 1361 commune
2664 1325 2749 1362 vas
2776 1313 2948 1376 subjici
2969 1316 3304 1378 stomachum,
3321 1319 3401 1381 qui
3421 1320 3554 1367 cibum

377 1392 547 1473 τέραις
584 1396 791 1471 ἀγγεῖον
821 1391 1127 1449 ὑποκεῖσθαι
1152 1388 1239 1448 τὸν
1274 1386 1541 1466 στόμαχον
1570 1390 1644 1455 εἷς
1667 1387 1764 1458 τὴν
1791 1387 1940 1445 κάτω
2029 1396 2218 1446 mollem
2252 1404 2301 1448 et
2322 1398 2640 1448 madefactum
2675 1401 2723 1449 in
2755 1407 2970 1451 ventrem
3002 1402 3138 1452 didat
3166 1404 3444 1454 inferiorem.
3502 1410 3553 1466 (4)

378 1480 576 1538 κοιλίαν
618 1479 886 1538 ἐκδιδόντα
928 1474 1167 1554 μαλακὸν
1207 1475 1299 1534 καὶ
1340 1475 1617 1556 διάδροχον
1658 1474 1719 1532 τὸ
1748 1472 1940 1532 σιτίον·
1980 1517 1987 1562 Ι
2027 1484 2236 1546 Deinde,
2257 1499 2408 1549 quum
2427 1488 2591 1549 pulmo
2611 1488 2918 1552 undiquaque
2937 1489 3073 1539 laevis
3096 1492 3162 1541 sit
3182 1497 3232 1541 et
3251 1492 3555 1557 densus,quo-

384 1571 444 1645 (ι)
475 1567 684 1640 ἔπειτα,
709 1572 800 1626 τοῦ
828 1563 1113 1642 πλεύμονος
1134 1563 1275 1622 λείου
1299 1562 1391 1622 καὶ
1414 1568 1607 1622 πυκνοῦ
1631 1561 1941 1636 παντάπασι
1981 1570 1987 1651 Ι
2028 1573 2170 1621 modo
2194 1573 2342 1623 farina
2357 1587 2469 1623 cum
2488 1575 2682 1638 potione
2706 1576 2875 1625 hausta
2894 1578 3069 1640 exibit,
3088 1583 3138 1629 et
3156 1594 3251 1628 non
3272 1581 3319 1629 in
3341 1594 3395 1630 eo
3417 1585 3553 1631 retine-

304 1665 351 1704 ts
378 1654 668 1733 γεγονότος,
689 1658 801 1721 πῶς
826 1653 886 1713 τὸ
908 1652 1001 1712 σὺν
1029 1656 1249 1711 κυκεῶνι
1265 1650 1540 1729 πινόμενον
1569 1650 1783 1726 ἄλφιτον
1811 1647 1941 1716 διέξ-
2027 1660 2187 1710 bitur?
2222 1674 2334 1710 nam
2367 1662 2492 1712 lianc
2520 1662 2850 1714 difficultatem
2898 1666 3080 1716 Platoni
3119 1670 3424 1718 Erasistratus
3452 1674 3554 1719 recte

2027 1748 2217 1811 obiecit.
2284 1750 2348 1811 (5)
2372 1754 2479 1799 Jam
2500 1765 2647 1814 quum
2669 1752 2717 1801 in
2734 1753 2971 1816 plerisque
2984 1755 3200 1817 partibus
3217 1758 3423 1820 corporis
3441 1759 3555 1807 finem

381 1767 506 1815 εισι,
535 1742 626 1801 καὶ
658 1746 753 1804 οὐκ
783 1740 1069 1820 ἐνίσχεταη
1105 1738 1249 1799 τουτὶ
1276 1737 1378 1819 γὰρ
1416 1736 1825 1819 Ἐρασίστρατος
1852 1738 1942 1815 ὀρ-

2028 1836 2296 1887 consideret
2309 1843 2357 1887 et
2372 1851 2514 1887 usurn
2527 1875 2541 1898 ,
2555 1838 2616 1888 ad
2636 1853 2780 1902 quem
2804 1854 2832 1889 a
2850 1846 3023 1891 natura
3034 1850 3309 1906 comparata
3323 1845 3384 1894 sit
3400 1846 3557 1894 illarum

381 1835 481 1898 θῶς
523 1830 651 1912 πρὸς
691 1829 847 1888 αὑτὸν
886 1827 1142 1909 ἠπόρησε.
1228 1830 1291 1906 (ο)
1340 1826 1447 1887 Καὶ
1477 1825 1580 1903 μὴν
1609 1825 1697 1884 ἐπί
1734 1847 1794 1901 γε
1835 1828 1940 1882 τῶν

379 1919 637 1979 πλείστων
664 1924 755 1978 τοῦ
792 1920 1037 1996 σώματος
1077 1913 1270 1997 μορίων
1311 1914 1372 1974 τὸ
1403 1906 1462 1972 οὗ
1504 1914 1655 1973 ἕνεκα
1697 1917 1773 1994 τῷ
1801 1910 1942 1995 λόγῳ
2028 1925 2234 1987 partium
2250 1926 2654 1990 unaquaequc,ita
2671 1932 2728 1977 ut
2744 1928 2878 1978 decet
2896 1928 3266 1992 philosophum,
3288 1933 3559 1983 meditatione

383 2007 591 2085 μετιὼν,
621 2007 712 2066 καὶ
735 2006 864 2088 πρὸς
884 2007 949 2078 ἢν
972 2003 1189 2064 ἕκαστον
1212 2008 1246 2075 ἡ
1278 2001 1427 2085 φύσις
1447 2002 1629 2084 χρείαν
1657 2000 1941 2073 πεποίηκε,
1981 1994 1988 2069 Ι
2029 2026 2116 2061 sua
2135 2015 2322 2077 assequi
2338 2014 2547 2074 studeat,
2569 2029 2814 2078 perperam
2829 2016 3022 2079 lingulae
3045 2019 3176 2081 (quoe
3193 2021 3450 2082 cpiqlottis
3465 2020 3555 2069 dici·

301 2110 354 2146 20
384 2095 718 2174 βουλόμενος,
742 2093 921 2175 ὥσπερ
935 2093 1026 2153 καὶ
1044 2092 1301 2175 προσήκει
1315 2095 1391 2171 τῷ
1410 2091 1695 2174 φιλοσόφῳ,
1716 2094 1941 2172 φρονεῖν,
2027 2102 2124 2161 tur)
2145 2102 2464 2163 proetermittit
2485 2101 2722 2164 officium;
2742 2104 2872 2166 quod
2893 2104 2946 2152 in
2968 2119 3026 2155 eo
3044 2106 3257 2168 positum
3277 2111 3376 2165 est;
3395 2113 3445 2156 ut
3460 2108 3555 2156 inte-

383 2187 476 2242 οὐκ
499 2176 560 2244 εὖ
585 2183 807 2266 παρίησι
835 2182 895 2241 τὸ
936 2186 1030 2254 τῆς
1059 2179 1424 2259 ἐπιγλωττίδος
1460 2179 1628 2261 ἔργον,
1657 2178 1746 2236 ἐπὶ
1771 2177 1941 2258 τούτῳ
2030 2188 2117 2236 rim
2137 2188 2253 2236 dum
2269 2188 2547 2250 degluttitur
2565 2190 2871 2252 alimentum,
2887 2204 3102 2255 asperam
3120 2194 3342 2243 arteriam
3363 2197 3558 2245 constrin-

371 2271 721 2350 τεταγμένον,
747 2270 887 2338 ὅπως
908 2273 961 2328 ἐν
988 2275 1055 2349 τῇ
1086 2267 1378 2328 καταπόσει
1398 2272 1491 2338 τ’ἧς
1511 2272 1701 2349 τροφῆς
1725 2265 1820 2339 τὴν
1847 2270 1943 2347 ἀρ-
2028 2288 2169 2335 getis,
2193 2276 2351 2324 obstet
2370 2291 2429 2326 ne
2454 2278 2567 2339 quid
2590 2278 2784 2327 omnino
2807 2278 2855 2328 in
2885 2280 3158 2342 pulmonem
3191 2282 3395 2331 incidat:
3418 2296 3513 2331 nam
3529 2297 3559 2330 si

380 2362 563 2430 τηοίαν
603 2361 854 2429 πιέζουσα
894 2357 1073 2439 κωλύῃ
1114 2357 1473 2439 παρεμπεσεῖν
1523 2360 1691 2415 ὁτιοῦν
1737 2359 1808 2423 εἷς
1850 2355 1941 2413 τὸν
2029 2363 2143 2425 quid
2161 2364 2399 2425 illabatur,
2419 2365 2598 2414 interea
2613 2366 2728 2414 dum
2745 2366 3016 2416 admittitur
3031 2368 3106 2417 vel
3121 2370 3360 2419 emittitur
3372 2372 3561 2433 spirituS,

381 2424 675 2525 πλεύμονα·
707 2445 873 2513 δεινὰς
895 2445 997 2527 γὰρ
1019 2444 1122 2504 ὑπὸ
1150 2449 1311 2525 βῆχος
1333 2443 1474 2523 ἴσχει
1500 2443 1829 2524 τραχύτητας
1850 2442 1942 2502 καὶ
1980 2473 1990 2572 Ι
2029 2450 2080 2499 id
2099 2452 2222 2501 tussi
2239 2453 2566 2504 vehementem
2586 2454 2699 2503 facit
2715 2456 3020 2517 asperitatem
3035 2459 3086 2506 ct
3103 2456 3476 2508 lancinationem.
3507 2461 3559 2518 (6)

306 2554 357 2592 25
380 2537 657 2617 χαράξεις,
686 2535 811 2594 ὅταν
837 2534 1160 2614 παρολίσθῃ,
1191 2530 1476 2614 φερομένου
1504 2538 1593 2591 τοῦ
1622 2531 1940 2609 πνεύματος·
2030 2540 2236 2589 Proinde
2265 2541 2505 2604 epiglottis
2537 2542 2700 2603 januae
2732 2541 2881 2591 instar
2918 2544 3217 2605 intergerinae
3265 2546 3314 2594 in
3348 2551 3561 2610 utramque

389 2626 449 2700 (s)
492 2628 523 2693 ἡ
565 2623 618 2680 δὲ
649 2622 904 2701 μέταυλος
931 2620 1065 2693 αὕτη
1102 2618 1272 2678 κλίσιν
1301 2619 1383 2677 ἐπ’
1421 2618 1689 2700 ἀμφότερα
1722 2618 1940 2696 λαμὸά-
1982 2620 1988 2627 ’
2033 2633 2212 2691 partem
2233 2628 2450 2677 inclinari
2469 2642 2520 2678 se
2539 2629 2728 2690 sinenS,
2753 2629 3058 2693 loquentibus
3084 2632 3226 2681 nobis
3257 2635 3492 2683 stomacho
3510 2634 3560 2680 in·

385 2734 572 2783 νουσα,
592 2708 951 2793 φθεγγομένων
969 2708 1082 2786 μὲν,
1104 2704 1372 2766 ἐπιπίπτει
1387 2709 1463 2787 τῷ
1484 2705 1760 2785 στομάχῳ·
1780 2728 1946 2765 σιτου·
2032 2716 2171 2775 cidit,
2195 2716 2449 2766 edentibus
2475 2722 2560 2766 aut
2593 2716 2863 2767 bibentibus
2894 2719 3107 2781 arteriae,
3140 2720 3376 2770 mundum
3406 2721 3561 2784 spiritui

385 2798 553 2876 μένων
577 2797 633 2857 δὲ
659 2797 751 2857 καὶ
776 2796 1047 2869 πινόντων,
1069 2800 1134 2875 τῇ
1160 2794 1409 2876 ἀρτηρία,
1437 2793 1661 2875 καθαρὸν
1688 2797 1763 2873 τῷ
1786 2791 1946 2853 πνεύ-
2032 2817 2228 2852 cursum
2253 2806 2709 2867 respirationemque
2730 2818 2942 2854 servans.
3012 2808 3079 2867 (7)
3106 2810 3259 2856 Porro
3282 2808 3365 2871 qui
3387 2809 3559 2866 sensim,

388 2909 516 2963 ματι
540 2886 631 2945 τὸν
664 2885 854 2968 δρόμον
881 2882 1214 2966 φυλάττουσα
1242 2884 1335 2942 καὶ
1361 2882 1457 2954 τὴν
1494 2881 1776 2954 ἀναπνοήν.
1878 2884 1941 2961 (7)
2033 2891 2211 2954 inquit,
2247 2892 2442 2952 bibunt,
2493 2906 2660 2941 eorum
2702 2894 2881 2943 scimus
2917 2894 3214 2944 liumidiores
3257 2909 3364 2946 esse
3403 2902 3561 2946 ventres

305 2988 359 3027 ,ο
383 2974 511 3035 Ἔτι
531 2973 720 3046 τοίνυν,
745 2973 843 3056 ἔφη
859 3019 877 3042 ,
896 2971 988 3032 καὶ
1012 2972 1133 3039 τοὺς
1158 2970 1360 3051 ἀτρέμα
1383 2972 1624 3037 πίνοντας
1647 2968 1798 3046 ἴσμεν
1823 2970 1942 3050 (ὅτι)
2033 2993 2178 3043 quiam
2212 2981 2296 3044 qui
2327 2980 2577 3030 confertim
2613 2982 2864 3030 humorem
2901 2982 3160 3032 hauriunt:
3182 2984 3258 3033 liis
3291 2985 3413 3034 enim
3445 2992 3561 3048 potus

383 3062 475 3130 τὰς
502 3060 700 3129 κοιλίας
726 3060 1003 3143 ὑγροτέρας
1030 3059 1276 3140 ἴσχοντας
1309 3063 1413 3117 τῶν
1446 3061 1629 3139 ἀθροῦν
1657 3057 1942 3140 ἐφελκομέ-
2033 3075 2163 3118 recta
2186 3069 2234 3119 in
2255 3069 2461 3118 vesicam
2485 3069 2664 3132 impetu
2686 3071 2883 3130 transit3
2908 3070 3036 3133 apud
3059 3070 3167 3120 illos
3188 3072 3371 3122 diutius
3396 3073 3563 3121 inbaeret

384 3174 483 3209 νων
515 3150 576 3210 τὸ
607 3148 785 3230 ὑγρόν·
811 3150 937 3208 ὠθεῖ
954 3147 1056 3229 γὰρ
1083 3146 1229 3215 εὐθὺς
1254 3149 1325 3215 εἷς
1347 3143 1530 3206 κύστιν
1556 3145 1656 3205 ὑπὸ
1681 3144 1847 3228 ῥύμης
1870 3149 1947 3205 δι-
2034 3156 2371 3219 cibis,eosque
2383 3156 2662 3216 emollit,nt
2681 3156 3025 3219 permisceatur
3036 3161 3086 3207 et
3104 3163 3323 3210 maneat:
3387 3162 3447 3221 (8)
3461 3159 3562 3223 quod

387 3239 542 3307 εξιόν·
584 3236 790 3305 ἐκείνως
829 3239 884 3296 δὲ
914 3239 1115 3314 μᾶλλον
1161 3234 1470 3317 ἐνδιατρίόει
1509 3236 1615 3302 τοῖς
1646 3235 1826 3302 σιτίοις
1853 3234 1946 3294 καὶ
2036 3244 2314 3306 neutiquam
2332 3244 2572 3304 eveniret,
2593 3243 2634 3293 si
2656 3244 2833 3292 humor
2855 3245 3016 3293 statim
3045 3247 3168 3295 inter
3191 3247 3493 3297 hauriendum
3510 3260 3563 3293 se-

387 3326 676 3404 μαλάσσει,
717 3322 843 3383 ὥστ’
885 3322 1266 3403 ἀναμίγνυσθαι
1308 3322 1401 3382 καὶ
1444 3320 1784 3403 παραμένειν.
1885 3325 1944 3398 (a)
2037 3335 2311 3381 cerneretur
2345 3345 2374 3380 a
2404 3331 2540 3393 cibo,
2581 3345 2739 3395 neque
2763 3346 2874 3381 cum
2903 3346 2962 3382 eo
3004 3338 3368 3385 connecteretur
3396 3352 3407 3383 :
3439 3348 3562 3398 quum

308 3425 357 3462 ³⁶
387 3419 502 3476 Οὔκ
525 3414 589 3474 ἂν
613 3414 669 3473 δὲ
696 3419 865 3473 ταῦτα
894 3412 1163 3472 συνέὸαινε
1195 3411 1599 3493 διακρινομένων
1622 3410 1769 3478 εὐθὺς
1796 3413 1847 3469 ἐν
1881 3416 1946 3491 τῇ
2036 3424 2194 3469 tamen
2223 3419 2311 3481 ipsi
2345 3432 2441 3468 una
2468 3433 2578 3468 cum
2611 3421 2811 3471 humore
2846 3420 3155 3471 demittamus
3184 3423 3375 3485 cibum,
3410 3424 3504 3482 illo,
3525 3427 3565 3469 ut

384 3501 675 3560 καταπόσει
696 3504 799 3559 τῶν
824 3503 1014 3580 ὑγρῶν,
1030 3498 1166 3557 ἀλλὰ
1181 3498 1288 3577 [οὗ]
1312 3496 1775 3574 συμπλεκομένων,
1794 3501 1948 3574 ἡμῶν
2035 3506 2224 3557 dicebat
2245 3509 2584 3567 ErasistratuS,
2611 3512 2854 3571 tamquam
2878 3510 3098 3560 vehiculo
3118 3524 3276 3560 usum.

387 3590 500 3668 ἅμα
527 3587 619 3648 καὶ
653 3587 1226 3671 συμπαραπεμπόντων
1259 3585 1320 3643 τὸ
1350 3586 1528 3657 σιτίον,
1571 3578 1677 3645 οἷον
1712 3587 1948 3666 ὀχήματι

384 3684 460 3737 τῶ
487 3682 628 3760 ὑγρῶ
654 3677 946 3757 χρώμενον,
975 3679 1045 3742 ὡς
1068 3676 1242 3753 ἔλεγεν
1266 3673 1694 3755 Ἐρασίστρατος.

432 3739 535 3828 ⁸11,
579 3739 815 3826 'i'oioffiroe
851 3771 941 3824 τοῦ
981 3762 1167 3825 Νικίου
1196 3761 1489 3833 διεξιόντος,
1518 3765 1546 3820 6
1582 3761 1950 3841 γραμματικὸς
2066 3762 2159 3808 -11.
2196 3759 2958 3822 HaecNicialocuto,Protogenes
2971 3762 3562 3823 grammaticus,omnium‚

376 3852 731 3935 ,Πρωτογένης
758 3853 906 3936 [ἔφη]
931 3849 1311 3931 συνεωρακέναι
1347 3854 1550 3929 πρῶτον
1587 3851 1833 3931 Ὀμηρον
1870 3850 1948 3907 ὅτι
2037 3847 2120 3905 ait,
2138 3848 2321 3909 primus
2339 3850 2579 3897 Homerus
2596 3848 2949 3909 animadvertit,
2964 3849 3054 3899 cibi
3077 3850 3273 3912 quidem
3290 3865 3372 3901 vas
3384 3865 3480 3901 esse
3492 3856 3564 3898 Sto·

385 3946 478 4013 τῆς
511 3939 606 4020 μὲν
628 3947 822 4023 τροφῆς
845 3946 874 3998 ὃ
900 3937 1167 4018 στόμαχος
1195 3937 1402 4016 ἀγγεῖόν
1433 3939 1572 4009 ἐστι,
1601 3944 1692 3996 τοῦ
1717 3937 1772 3996 δὲ
1799 3938 1950 3996 mea.
2037 3935 2262 3984 machum
2277 3971 2292 3996 ,
2308 3936 2509 3999 spiritus
2522 3941 2685 3986 autem
2708 3949 2927 3999 asperam
2942 3938 3193 3996 arteriam,
3209 3953 3322 4001 quae
3337 3940 3563 3990 bronchus.

389 4055 552 4104 ματος
578 4034 607 4089 ὁ
638 4028 883 4110 βρόγχος,
913 4028 969 4086 ὃν
1006 4006 1310 4108 ἀσφάραγον
1353 4025 1569 4084 ἐκάλουν
1613 4030 1661 4085 οἱ
1699 4026 1919 4085 παλαιοί
1935 4050 1947 4063 ·
2036 4029 2086 4075 et
2099 4024 2310 4086 antiquis
2323 4024 2614 4087 aspharagus
2632 4024 2980 4074 dicitur1unde
2998 4029 3048 4075 et
3067 4027 3314 4077 vocalibus
3328 4026 3565 4076 hominibus

392 4105 466 4175 διὸ
498 4117 591 4177 καὶ
623 4116 745 4186 τοὺς
768 4113 1168 4194 μεγαλοφώνους
1198 4113 1571 4195 ἐρισφαράγους
1610 4113 1947 4192 ἐπονομάζειν
2037 4111 2672 4175 θΓὶδΡῘῑαΓαθΟΓῖΜῑ((1“3-”Ᾰ
2695 4112 3327 4177 asterialatal’foediwfflm)
3348 4112 3565 4178 ³PPGJ¹³¹5⁰

389 4205 627 4266 εἰώθασιν
643 4228 657 4243 .
744 4207 810 4284 (2)
839 4201 1000 4263 εἰπὼν
1023 4193 1112 4262 Οῧν
1141 4200 1220 4261 ὅτι
1244 4207 1334 4260 τοῦ
1356 4200 1613 4280 “Em-opo<
1640 4205 1667 4259 ὁ
1687 4201 1949 4281 Ἀχιλλεὺς
2036 4200 2208 4264 obtigit
2287 4201 2352 4260 (2)
2378 4203 2496 4249 Nam
2518 4213 2668 4262 quum
2688 4200 2889 4250 dixisset
2908 4200 3150 4264 quomodo
3165 4204 3379 4253 Hectoris
3395 4199 3566 4252 Achilles

307 4301 358 4337 ⁴⁰
387 4294 554 4366 ἤλασε
700 4398 713 4413 Ι
807 4399 827 4414 ν
1163 4396 1183 4412 .
2039 4289 2559 4412 Ιιὸἒιιιῖιορέἶεέοὑοῐετοηῑ
2577 4357 2658 4402 ubi
2676 4356 2810 4401 valde
2828 4357 3022 4402 vulnera
3036 4361 3232 4404 mortem
3245 4393 3258 4412 ,

509 4404 789 4458 Λευκανιην,
811 4415 885 4447 ινα
902 4415 953 4446 τε
976 4400 1129 4461 ψυχῆς
1152 4411 1352 4451 ωκῑῦτθς
1376 4396 1553 4458 ὄλεθρθῖ
1567 4410 1580 4424 ’
1989 4400 1997 4451 Ῑ
2038 4420 2198 4482 addit,

509 4467 607 4517 οὐδ’
623 4468 696 4532 ἄρ’
714 4468 795 4516 ἀπ’
820 4467 1088 4531 ἀσφάραγον
1109 4465 1243 4529 μελίη
1265 4463 1382 4528 τάμε
1400 4463 1711 4528 χαλκοδάρεια
1724 4500 1740 4526 ,

680 4537 692 4551 ,
974 4538 986 4552 ,
1234 4536 1245 4547 ,
1479 4536 1490 4548 ,
2090 4500 2192 4543 Non
2211 4501 2362 4543 tamen
2387 4497 2692 4554 aspharagum
2713 4499 2893 4543 munita
2915 4498 3128 4545 fraxinus
3144 4512 3235 4545 aere

510 4539 627 4603 ὄφρα
647 4555 692 4586 τι
714 4555 790 4600 μιν
811 4554 1068 4602 προτιειποι
1084 4536 1387 4600 ἀμειὸομενος
1408 4536 1640 4596 ἐπεεσσιν,

2091 4566 2308 4623 abscidit,
2332 4570 2386 4612 ut
2407 4568 2609 4611 morlens
2628 4567 2725 4612 haec
2743 4571 2894 4624 posset
2918 4567 3109 4613 reddere
3128 4568 3276 4622 dicta,

2040 4647 2256 4696 canalem
2300 4647 2528 4696 nimirum
2563 4647 2760 4710 spiritus
2791 4646 2935 4697 simul
2969 4654 3019 4697 et
3055 4648 3186 4697 vocis
3218 4646 3449 4712 proprium
3484 4655 3564 4691 esse

2040 4735 2201 4784 fauces
2224 4734 2494 4797 significans
2517 4749 2528 4782 :
2551 4734 2635 4784 sed
2654 4734 2755 4784 cibi
2776 4738 2937 4784 etiam
2956 4738 2981 4762 *
3002 4741 3027 4761 ⁹

2101 4826 2186 4873 111.
2224 4823 2326 4874 Sub
2348 4823 2452 4872 lioec
2473 4826 2580 4872 orto
2602 4823 2818 4885 silentio,
2841 4823 3033 4884 FloruS,
3062 4827 3220 4884 Itane,
3245 4824 3417 4888 inquit,
3442 4823 3564 4870 Plato·

2040 4925 2150 4961 nem
2174 4911 2363 4961 deserto
2386 4911 2662 4960 vadimonio
2679 4925 2815 4961 reum
2839 4912 2999 4975 peragi
3017 4911 3266 4964 sinemus?
3327 4913 3391 4975 (2)
3410 4914 3564 4972 Nequa-

2040 5013 2185 5062 quam
2209 5013 2348 5058 vero,
2369 4999 2564 5064 inquam
2588 5012 2702 5061 ego;
2728 4999 2794 5048 ita
2823 5000 2950 5049 enim
2983 4998 3202 5050 damnari
3227 5015 3320 5051 una
3350 5013 3452 5050 cum
3482 4996 3563 5045 Pla·

2042 5092 2153 5138 tone
2198 5088 2410 5137 sinemus
2461 5091 2740 5139 Homerum.
2820 5090 2908 5138 llic
2965 5089 3092 5139 enim
3142 5092 3326 5140 tantum
3374 5090 3490 5139 abest
3522 5087 3562 5131 ut

388 4646 456 4709 ὡς
499 4642 627 4701 ὄντα
667 4645 840 4723 φωνῆς
878 4640 1007 4698 ἴδιον
1040 4639 1221 4720 ὀχετὸν
1264 4638 1355 4698 καὶ
1402 4636 1721 4717 πνεύματος,
1756 4636 1850 4709 τὴν
1895 4637 1948 4697 δὲ

311 4745 363 4786 ὓο
388 4729 664 4800 λευκανίην
694 4726 917 4801 ἐσέθηκα
972 4729 1103 4808 ***].

466 4819 567 4877 Ill.
611 4814 900 4894 Γενομένης
923 4839 1011 4874 ουν
1038 4816 1122 4873 ἐπὶ
1151 4819 1225 4897 τῷ
1247 4814 1388 4892 λόγω
1418 4820 1651 4889 σιωπῆς,
1677 4819 1706 4874 ὃ
1728 4816 1950 4895 Φλῶρος

390 4895 555 4964 εἶπεν·
586 4903 772 4972 Οὕτως
798 4904 1103 4987 ὑφησόμεθα
1131 4910 1220 4962 τοῦ
1259 4875 1546 4971 Πλάτωνος
1573 4902 1775 4985 ἐρήμην
1803 4905 1950 4984 ὀφλι-

390 4992 690 5067 σκάνοντος;
780 4994 838 5070 (2)
873 4995 997 5073 Οὐχ
1022 4995 1175 5065 ἡμεῖς
1198 5015 1284 5065 γε,
1308 4991 1434 5062 ἔφην
1455 4989 1583 5071 ἐγώ·
1610 4989 1949 5072 προησόμεθα

387 5081 488 5163 γὰρ
518 5082 631 5162 ἅμα
658 5088 735 5167 τῷ
777 5081 1028 5143 Πλάτωνι
1057 5091 1147 5139 καὶ
1189 5084 1278 5138 τὸν
1317 5078 1581 5159 αΟμηρον,
1628 5078 1680 5147 ὃς
1705 5086 1950 5138 τοσοῦτον
