3709 5609
152 255 196 309 ’,ν-
224 271 260 295 ι.
288 255 444 291 *cs—1³.
472 255 544 291 arc:
564 279 576 295 .
604 235 656 308 aja

147 366 257 425 στὀν
285 363 423 435 ἠξίου
461 363 535 439 μὴ
572 362 791 422 ἄπιστον
828 367 1088 441 ἡγεῖσθαι.
1178 366 1238 442 (4)
1273 362 1382 424 Καὶ
1420 362 1521 444 γὰρ
1560 363 1696 422 ἄλλα

844 235 1444 306 ῌΠῃΙΞΕῚῚϋΝῌῚῙ
1508 235 2145 295 etim-‘IvaLItJM
2209 239 2353 292 [tlt.
2417 239 2517 309 lt‘,
2577 251 2629 295 2.

3241 259 3357 304 Sti?

1785 386 1880 435 que
1902 386 1964 422 ne
1984 373 2116 436 quod
2139 373 2356 423 mirabile
2383 380 2536 434 esset,
2558 375 2666 425 ideo
2692 376 2811 426 fides
2831 378 2873 426 ei
2897 377 3223 441 derogaretur.
3293 383 3360 450 (i)

148 452 304 513 πολλὰ
338 450 602 530 θαυμάσια
631 455 848 538 βροντῆς
873 450 1005 532 ἔργα
1035 449 1125 510 καὶ
1157 457 1434 527 κεραυνοῦ,
1473 454 1564 510 καὶ
1595 456 1699 510 τῶν
1785 463 1976 510 Habent
1993 462 2356 525 enim‚aiebat,
2391 465 2545 514 multa
2568 465 2712 514 etiam
2748 466 2839 515 alia
2865 467 3044 516 fulmen
3074 474 3123 516 et
3149 469 3325 518 tonitru
3343 507 3356 530 ,

148 542 258 623 περὶ
287 548 449 599 ταῦτα
487 541 799 617 διοσημειῶν
839 530 1000 611 εἶναι,
1028 538 1271 619 χαλεπὰς
1300 541 1625 618 καταμαθεῖν
1661 540 1698 612 ἢ
1785 553 3051 617 eorumquepraemonstrationes,miracula,qu0rum
3067 561 3150 605 aut
3165 541 3360 606 omnino

150 631 397 697 παντελῶς
425 628 707 694 ἀδυνάτους
739 626 834 695 τὰς
866 627 1035 696 αἰτίας
1066 627 1271 707 ἔχοντα.
1359 631 1419 706 (5)
1455 628 1564 688 Καὶ
1596 626 1698 709 γὰρ

108 752 129 785 f,
154 727 178 778 ὁ
203 718 479 797 γελώμενος
498 716 676 775 οὑτοσὶ
710 717 800 774 καὶ
827 714 1216 798 παροιμιώδης,
1254 715 1382 798 ἔφη,
1425 716 1611 796 βολὸὸς
1638 719 1696 775 οὐ

151 807 404 888 μικρότητι
436 802 702 886 διαφεύγει
738 803 825 863 τὸν
865 804 1133 884 κεραυνὸν,
1164 804 1279 862 ἀλλ’
1305 803 1444 883 ἔχων
1481 803 1699 883 δύναμιν

152 900 416 966 ἀντιπαθῆ,
451 893 692 973 καθάπερ
721 898 755 964 ἡ
791 898 924 965 συκῆ
954 891 1130 951 καὶτὸ
1167 891 1336 972 δέρμα
1369 897 1463 964 τῆς
1494 891 1700 974 φώκης,

152 986 216 1052 ὥς
238 1007 376 1066 φασι,
395 982 485 1041 καὶ
510 981 572 1040 τὸ
604 986 697 1052 τῆς
721 982 928 1054 ὑαίνης,
949 972 1022 1048 οἷς
1052 979 1122 1039 τὰ
1153 980 1288 1059 ἄκρα
1311 986 1414 1040 τῶν
1445 980 1623 1040 ἱστίων
1652 984 1698 1038 οἱ

152 1073 411 1153 ναύκληροι
436 1072 890 1151 καταδιφθεροῦσι.
978 1071 1046 1149 (o)
1072 1072 1122 1129 Τ
1125 1065 1159 1127 δι
1181 1070 1225 1127 δ’
1258 1072 1564 1150 ἀστραπαῖα
1595 1073 1698 1127 τῶν

151 1161 330 1219 ὑδάτων
352 1160 545 1230 εὐαλδῆ
571 1159 818 1217 καλοῦσιν
847 1160 895 1215 οἱ
919 1156 1166 1239 γεωργοὶ,
1187 1156 1277 1216 καὶ
1301 1157 1586 1235 νομίζουσι.
1637 1158 1694 1235 (7)

153 1251 246 1310 Καὶ
267 1248 393 1315 ὅλως
417 1244 597 1319 εὔηθές
620 1250 732 1305 ἐστι
746 1252 913 1304 ταῦτα
934 1243 1237 1322 θαυμάζειν,
1257 1243 1320 1302 τὸ
1335 1243 1546 1302 πάντων
1570 1246 1697 1302 ἀπι-

153 1339 379 1396 στότατον
414 1340 467 1395 ἐν
509 1344 617 1403 τοῖς
657 1334 847 1393 πάθεσι
887 1331 1086 1399 τούτοις
1119 1336 1475 1414 καθορῶντας,
1497 1334 1569 1390 ’ἐκ
1605 1332 1700 1410 μὲν

153 1430 301 1506 ὑγρῶν
324 1423 545 1507 φλόγας,
577 1426 638 1481 ἐκ
657 1422 712 1482 δὲ
737 1425 991 1501 μαλακῶν
1011 1419 1296 1502 [νεφελῶν]
1319 1421 1513 1502 ψόφους
1536 1422 1703 1492 σκλη-

156 1517 253 1595 ροὺς
280 1511 693 1590 ἀναδιδομένους.
782 1514 842 1589 (s)
871 1515 1058 1571 Ταῦτα
1089 1508 1171 1583 δὲ,
1201 1501 1373 1583 εἶπεν,
1401 1511 1699 1590 ἀδολεσχῶ,

94 1631 130 1665 r,
154 1604 455 1685 παρακαλῶν
492 1605 631 1678 ὑμᾶς
667 1599 755 1657 ἐπὶ
777 1602 873 1670 τὴν
905 1597 1120 1672 ζήτησιν
1150 1603 1243 1670 τῆς
1281 1597 1477 1670 αἰτίας,
1509 1597 1596 1657 ἵνα
1626 1597 1700 1676 μὴ

153 1691 310 1772 πικρὸς
326 1689 563 1767 γένωμαι
592 1686 859 1766 συμὸολὰς
880 1690 984 1746 τῶν
1013 1685 1176 1746 ὕδνων
1204 1685 1581 1765 πρασσόμενος.

220 1783 287 1839 ll.
328 1777 496 1841 Αὐτὸν
539 1776 633 1853 μὲν
669 1768 756 1835 οῦν
794 1774 898 1855 ἐγὼ
926 1774 1052 1856 ἔφην
1088 1774 1282 1855 τρόπον
1310 1773 1425 1831 τινὰ
1453 1779 1529 1856 τῷ
1563 1772 1702 1854 λόγῳ

155 1867 298 1934 δεξιὰν
326 1864 525 1949 ὀρέγειν
553 1865 641 1923 τὸν
670 1862 979 1944 Ἀγέμαχον·
1016 1863 1163 1922 οὐδὲν
1190 1859 1293 1941 γὰρ
1323 1860 1374 1920 ἔν
1403 1885 1464 1941 γε
1488 1867 1563 1943 τῷ
1592 1885 1702 1920 πα-

158 1956 275 2033 ρόντι
300 1954 573 2036 φαίνεσθαι
596 1951 966 2032 πιθανώτερον,
990 1950 1026 2022 ἢ
1055 1948 1135 2009 ὅτι
1161 1951 1277 2017 ταῖς
1308 1951 1543 2032 βρονταῖς
1566 1951 1701 2008 πολ-

155 2044 285 2110 λάκις
314 2041 453 2123 ὕδωρ
482 2037 822 2099 συνεκπίπτει
857 2037 1088 2117 γόνιμον.
1177 2040 1239 2116 (2)
1269 2037 1425 2097 Αἷτία
1455 2037 1509 2097 δὲ
1547 2043 1580 2110 ἡ
1610 2042 1704 2109 τῆς

157 2130 443 2209 θερμότητος
471 2127 726 2205 ἀνάμιξις·
760 2126 820 2185 τὸ
849 2126 943 2205 μὲν
972 2125 1074 2206 γὰρ
1109 2125 1196 2195 ὀξὺ
1230 2125 1322 2184 καὶ
1356 2127 1583 2206 καθαρὸν
1611 2130 1702 2185 τοῦ

156 2222 292 2299 τυρὸς
317 2220 524 2278 ἄπεισιν
555 2215 804 2295 ἀστραπὴ
833 2214 1129 2294 γενόμενον,
1158 2214 1218 2274 τὸ
1247 2216 1291 2275 δ’
1335 2214 1576 2293 ἐμὸριθὲς
1611 2213 1702 2274 καὶ

159 2309 496 2385 πνευματῶδες
512 2303 866 2382 ἐνειλούμενον
881 2307 958 2385 τῷ
976 2302 1117 2385 νέφει
1129 2302 1219 2361 καὶ
1239 2302 1702 2381 συμμεταὸάλλον,

158 2397 321 2478 ἐξαίρει
346 2396 443 2466 τὴν
471 2392 780 2476 ψυχρότητα
804 2393 894 2451 καὶ
924 2390 1256 2450 συνεκπέττει
1284 2390 1343 2449 τὸ
1371 2389 1543 2473 ὑγρόν·
1569 2388 1704 2465 ὥστε

122 2506 138 2538 ἰ
161 2486 365 2560 μάλιστα
400 2483 466 2542 τὸ
499 2479 760 2562 προσηνὲς
798 2479 1066 2539 ἐνδύεσθαι
1092 2488 1198 2545 τοῖς
1233 2480 1585 2559 βλαστάνουσι
1614 2477 1706 2536 καὶ

158 2572 272 2652 ταχὺ
298 2570 566 2652 παχύνειν.
655 2572 723 2649 (³)
747 2565 875 2630 Ἔτι
898 2568 951 2627 δὲ
978 2568 1068 2627 καὶ
1088 2567 1325 2648 κράσεων
1355 2567 1590 2638 ἰδιότητα
1613 2568 1703 2625 καὶ

160 2667 306 2739 χυμοῦ
343 2658 595 2739 διαφορὰν
639 2659 847 2735 ἐμποιεῖ
879 2656 946 2715 τὰ
981 2662 1201 2715 τοιαῦτα
1239 2658 1345 2722 τοῖς
1386 2653 1704 2736 ἀρδομένοις·

160 2749 314 2832 ὥσπερ
340 2747 398 2809 αἵ
420 2772 478 2806 τε
507 2746 683 2827 δρόσοι
721 2744 1042 2827 γλυκυτέραν
1070 2750 1279 2803 ποιοῦσι
1306 2748 1412 2811 τοῖς
1440 2744 1707 2823 θρέμμασι

161 2837 240 2909 τὴν
269 2837 416 2910 πόαν,
447 2837 539 2897 καὶ
575 2833 674 2907 τὴν
701 2825 811 2914 ἶριν
845 2833 1152 2901 ἐξανθοῦντα
1191 2831 1320 2913 νέφη
1340 2878 1355 2903 ,
1385 2833 1500 2891 καθ’
1538 2822 1610 2889 ὧν
1645 2831 1707 2889 ἂν

92 2961 128 2998 2,
165 2927 378 3007 ἐπερείσῃ
398 2924 590 3001 ξύλων,
616 2922 834 2988 εὐωδίας
858 2921 1248 3000 ἀναπίμπλησι·
1270 2920 1363 2979 καὶ
1390 2918 1555 3000 ταύτῃ
1576 2945 1709 2998 γνω-

167 3016 356 3092 ιείζοντες
398 3017 448 3073 οἱ
482 3011 611 3094 παρ’
657 3014 784 3091 ἡμῖν
829 3010 1122 3093 ἐρίσκηπτα
1164 3012 1421 3086 καλοῦσι,
1467 3007 1564 3081 τὴν
1602 3000 1708 3089 ἶριν

167 3103 596 3181 ι3.·.ολαμ6οίνοντες
632 3099 994 3171 ἐπισκήπτειν.
1078 3100 1139 3176 (4)
1179 3101 1372 3179 Πολλῷ
1413 3097 1468 3156 δὲ
1511 3101 1710 3176 μᾶλλον

167 3191 278 3257 εἰκός
308 3196 414 3251 ἐστι
447 3192 555 3256 τοῖς
596 3186 943 3267 ἀστραπαίοις
979 3185 1072 3245 καὶ
1104 3185 1392 3268 κεραυνίοις
1431 3184 1583 3245 ὕδασι
1621 3185 1711 3245 καὶ

167 3278 433 3355 πνεύμασι,
455 3277 547 3338 καὶ
570 3274 885 3358 θερμότησιν
911 3277 983 3340 εἷς
1009 3273 1165 3353 βάθος
1192 3271 1587 3351 ἐλαυνομέναις,
1615 3274 1711 3345 τὴν

108 3401 145 3438 23
168 3373 250 3443 γῆν
284 3367 617 3450 στρέφεσθαι,
659 3365 751 3424 καὶ
789 3361 1084 3446 συστροφὰς
1123 3362 1292 3443 ἴσχειν
1332 3362 1580 3429 τοιαύτας
1620 3362 1712 3420 καὶ

167 3455 466 3533 χαυνότητας
483 3501 501 3533 ,
528 3454 709 3535 ὥσπερ
744 3455 799 3511 ἐν
822 3457 931 3520 τοῖς
958 3449 1170 3529 σώμασι
1195 3449 1265 3510 τὰ
1294 3449 1591 3532 χοιραδώδη
1622 3451 1712 3509 καὶ

173 3542 376 3615 ἀδενώδη
399 3541 615 3624 φύματα
640 3538 956 3623 θερμότητές
979 3563 1113 3607 τινες
1141 3539 1235 3597 καὶ
1254 3538 1532 3619 ὑγρότητες
1552 3542 1713 3616 αἱμα-

173 3629 324 3697 τώδεις
359 3632 837 3710 ἐνδημιουργοῦσιν.
953 3629 1016 3704 (5)
1063 3628 1145 3687 Οὐ
1187 3623 1289 3706 γὰρ
1334 3624 1470 3684 ἔοικε
1511 3625 1713 3705 [φυἙτῷ

173 3718 221 3773 τὸ
255 3718 409 3792 ὕδνον,
443 3720 549 3777 οὐδ’
593 3718 715 3776 ἄνευ
758 3716 945 3782 ὕδατος
980 3715 1093 3795 ἔχει
1128 3712 1226 3785 τὴν
1256 3714 1475 3791 γένεσιν,
1514 3716 1543 3744 '⁶
1576 3714 1711 3772 ἀλλὰ

114 3841 154 3876 ⁴0
176 3805 354 3885 άῤῥιζον
385 3806 476 3866 καὶ
503 3802 826 3887 [ἀὸλασ]τὲς
850 3802 928 3863 ἔτι
948 3803 1040 3862 καὶ
1066 3800 1472 3881 ἀπολελυμένον,
1498 3806 1575 3884 τῷ
1598 3802 1712 3862 καθ’

178 3895 310 3954 ἑαυτὸ
332 3895 580 3955 σύστασιν
613 3898 673 3953 ἐκ
701 3898 795 3965 τῆς
823 3897 921 3971 γῆς
950 3891 1089 3973 ἔχειν
1118 3891 1386 3965 παθούσης
1411 3916 1463 3950 τι
1489 3890 1580 3949 καὶ
1611 3914 1708 3969 με-

177 3982 494 4057 ταὸαλούοης.
581 3987 642 4061 (ο)
684 3985 753 4043 Εἰ
790 3981 848 4041 δέ
886 4005 947 4061 γε
992 3980 1266 4061 γλίσχρος,
1306 3980 1454 4063 ἔφην,
1497 3985 1526 4039 ὁ
1566 3980 1717 4060 λόγος

179 4073 285 4146 ὑμῖν
312 4075 474 4145 δοκεῖ,
500 4070 719 4132 τοιαῦτά
748 4094 829 4130 τοι
863 4069 931 4130 τὰ
958 4071 1184 4129 πλεῖστα
1211 4073 1315 4128 τῶν
1347 4072 1587 4150 βρονταῖς
1623 4068 1716 4127 καὶ

179 4165 416 4238 κεραυνοῖς
451 4158 831 4238 συνεπομένων·
870 4157 950 4217 διὸ
984 4158 1076 4217 καὶ
1113 4156 1346 4236 μάλιστα
1381 4163 1487 4221 τοῖς
1528 4154 1717 4214 πάθεσι

119 4277 160 4313 43
183 4246 357 4315 τούτοις
383 4248 498 4318 δόξα
526 4250 787 4321 θειότητος
814 4245 1082 4328 πρόσεστι.

255 4337 344 4395 ΠΙ.
381 4338 569 4418 Παρὼν
609 4336 666 4396 δὲ
700 4340 729 4395 ὁ
766 4336 942 4418 ῥήτωρ
986 4333 1278 4415 Δωρόθεος,
1328 4335 1548 4412 Ὀρθῶς,
1587 4329 1718 4411 ἔφη,

188 4418 351 4495 λέγεις·
386 4427 440 4482 οὗ
463 4425 561 4505 γὰρ
592 4424 748 4502 μόνον
778 4427 826 4483 οἱ
853 4422 1040 4483 πολλοὶ
1069 4420 1159 4481 καὶ
1197 4423 1401 4479 ἰδιῶται
1433 4425 1586 4477 τοῦτο
1624 4442 1720 4476 πε-

188 4507 431 4587 πόνθασιν,
469 4514 604 4572 ἀλλὰ
643 4512 734 4572 καὶ
771 4516 875 4571 τῶν
914 4509 1209 4592 φιλοσόφων
1242 4506 1394 4574 τινές.
1481 4509 1542 4585 (2)
1578 4506 1722 4586 Ἐγὼ

186 4602 296 4671 γοῦν
327 4589 460 4672 οἶδα,
492 4607 746 4683 κεραυνοῦ
778 4600 904 4682 παρ’
936 4600 1064 4677 ἡμῖν
1101 4602 1172 4665 εἷς
1205 4596 1371 4656 οἰκίαν
1411 4597 1724 4673 ἐμπεσόντος

128 4725 167 4758 5„
190 4685 269 4741 καὶ
295 4685 458 4744 πολλὰ
482 4687 765 4767 θαυμαστὰ
796 4688 1088 4769 δράσαντος
1121 4677 1273 4764 (οἶνόν
1302 4709 1361 4743 τε
1398 4683 1500 4765 γὰρ
1538 4686 1598 4741 ἐκ
1627 4683 1723 4741 πί-

191 4775 276 4828 θων
313 4774 604 4857 διεφόρησε,
639 4782 730 4834 τοῦ
754 4775 988 4856 κεράμου
1019 4772 1182 4852 μηδὲν
1218 4771 1487 4837 παθόντος·
1519 4769 1723 4851 ἀνθρώ-

192 4882 277 4918 wa
299 4886 351 4920 τε
376 4865 703 4931 καθεύδοντος
730 4862 1108 4941 διαπτάμενος,
1132 4860 1239 4919 οὔτ’
1270 4861 1424 4919 αὐτὸν
1454 4858 1723 4930 ἠδίκησεν,

193 4948 292 5006 οὔτε
332 4956 419 5022 τῆς
457 4955 665 5022 ἐσθῆτος
709 4951 876 5031 ἔθιγε,
922 4951 1088 5023 ζώνην
1133 4947 1187 5009 δὲ
1227 4950 1456 5029 χαλκοῦς
1501 4946 1725 5026 ἔχουσαν

200 5039 529 5115 .πεζωτμ.ἑνῡ·,ι
561 5039 757 5111 Ξιέτηξε
789 5043 845 5099 τὸ
881 5038 1170 5119 νόῐμιᾟσμα
1203 5046 1308 5096 πᾶν
1343 5035 1434 5095 καὶ
1458 5034 1723 5114 συνέχεε·)

91 1192 128 1227 lu

1786 641 2036 701 nequeunt
2071 640 2317 700 cognosci,
2365 645 2451 687 aut
2491 639 2750 690 difficulter
2790 643 3127 705 intelliguntur
3178 658 3355 694 causae.

1788 727 1854 788 (5)
1882 726 2074 775 Etenim
2098 728 2182 789 qui
2206 726 2353 777 rideri
2378 729 2535 788 solet,
2561 729 2918 794 proverbioque
2942 732 3193 781 materiam
3225 732 3359 782 dedit

1789 815 1968 864 bulbus
2001 814 2121 875 iste,
2149 829 2244 865 non
2280 817 2517 878 parvitate
2546 831 2635 866 sua
2668 817 2851 867 fulmen
2881 818 3077 880 effugit,
3110 822 3196 869 sed
3229 823 3358 884 quod

1787 903 1887 951 vim
1920 904 2065 952 habet
2096 903 2141 953 ei
2180 904 2553 954 adversantem:
2598 905 2725 955 sicut
2764 907 2885 956 ficus
2921 907 3093 968 etiam,
3134 915 3185 958 et
3218 910 3357 959 vituli

1787 992 1960 1041 marini
1983 992 2149 1055 pelliS,
2186 997 2244 1042 ut
2280 989 2448 1053 fertur,
2480 999 2625 1055 atque
2662 994 2880 1057 hyrenae,
2918 996 3097 1059 quibus
3147 1000 3359 1048 extrema

1788 1081 2011 1129 velorum
2036 1081 2270 1130 inducunt
2294 1083 2594 1132 navicularii.
2662 1084 2726 1145 (e)
2751 1089 2915 1146 Aquas
2937 1085 3081 1137 etiam
3106 1100 3216 1149 quae
3235 1087 3361 1137 inter

1788 1169 1978 1230 fulgura
2012 1168 2267 1224 decidunt,
2297 1171 2520 1232 agricolae
2538 1178 2588 1220 et
2605 1176 2777 1234 putant
2796 1186 2903 1222 esse
2932 1178 2981 1222 et
3016 1174 3265 1225 nominant
3289 1177 3358 1224 in·

1787 1258 2045 1308 crementis
2065 1257 2279 1308 idoneaS.
2348 1261 2415 1321 (7)
2436 1263 2594 1324 Atque
2612 1261 2811 1310 omuino
2835 1263 3041 1312 stultum
3064 1265 3140 1313 est
3159 1264 3248 1313 ista
3273 1266 3358 1314 mi-

1787 1346 1881 1394 rari
1905 1360 2057 1409 quum
2078 1348 2125 1396 in
2149 1348 2256 1397 istis
2272 1349 2416 1397 rebus
2433 1362 2489 1398 ea
2508 1348 2758 1398 videamus
2772 1351 2990 1411 evenire,
3011 1366 3121 1413 quae
3139 1354 3357 1402 omnium

1789 1434 1985 1484 minime
2004 1441 2118 1485 sunt
2136 1435 2384 1486 credibilia
2415 1451 2427 1485 :
2453 1437 2635 1487 scillcet
2654 1451 2715 1487 ex
2739 1438 2953 1488 humidis
2971 1438 3215 1490 flammam
3246 1444 3359 1492 cmi·

1789 1537 1933 1586 care,
1958 1526 2008 1573 et
2044 1524 2271 1574 mollibus
2302 1525 2514 1574 nubibus
2540 1538 2736 1588 asperos
2764 1526 2954 1576 sonitus
2982 1528 3076 1577 edi.
3149 1530 3218 1592 (8)
3243 1534 3358 1580 Hzec

1788 1626 1902 1674 ego,
1923 1613 2108 1673 aiebat,
2128 1627 2301 1674 nugor,
2317 1627 2406 1662 vos
2435 1613 2497 1662 ad
2516 1627 2677 1664 causae
2695 1614 3046 1676 indagationem
3070 1619 3359 1676 exliortatus;

1790 1713 1850 1749 ne
1871 1700 2037 1749 videar
2061 1715 2281 1751 morosus
2297 1738 2311 1763 ,
2333 1702 2450 1751 dum
2477 1716 2565 1765 pro
2599 1702 2851 1752 tuberibus
2866 1705 3085 1766 symbola
3111 1707 3264 1769 exigo.

1852 1791 1916 1838 11.
1949 1792 2073 1838 Tum
2107 1803 2193 1852 ego
2215 1790 2282 1839 ita
2302 1804 2410 1839 sum
2437 1791 2656 1851 locutus»,
2680 1790 2888 1841 Videtur
2910 1793 3028 1842 mihi
3064 1797 3361 1855 Agemachus

1790 1885 1894 1948 ipse
1916 1885 2137 1936 dextram
2170 1888 2438 1951 porrexisse
2460 1887 2791 1952 disputationi.
2857 1890 2987 1938 Nihil
3010 1892 3139 1940 enim
3163 1893 3210 1941 in
3242 1907 3361 1956 prae·

1791 1983 1945 2032 sentia
1969 1983 2157 2034 videtur
2180 1985 2502 2048 probabilius,
2527 1999 2675 2048 quam
2711 1985 2837 2035 inter
2862 1987 3123 2035 tonandum
3156 1989 3361 2037 multum

1791 2093 1930 2143 aquoe
1947 2081 2218 2143 genitabilis
2235 2081 2471 2131 decidere.
2537 2082 2605 2146 (2)
2629 2086 2791 2133 Causa
2808 2089 2885 2133 est
2910 2083 3147 2134 admixtio
3167 2086 3358 2136 caloris.

1791 2182 1913 2229 Nam
1945 2181 2069 2244 iguis
2096 2182 2224 2244 quod
2249 2188 2329 2232 est
2360 2186 2556 2233 acutum
2584 2190 2633 2236 et
2660 2199 2864 2249 purum,
2890 2186 2939 2236 id
2961 2187 3010 2236 in
3034 2186 3193 2256 fulgur
3213 2187 3314 2237 abit
3349 2199 3361 2232 :

1794 2292 1905 2341 pars
1925 2292 2039 2328 vero
2051 2279 2244 2342 gravior
2261 2285 2311 2330 et
2330 2282 2504 2343 spiritu
2520 2283 2721 2346 praedita
2734 2320 2748 2343 ‚
2770 2284 2987 2333 involuta
3012 2284 3059 2332 in
3080 2284 3207 2334 nube
3221 2321 3235 2345 ‚
3257 2299 3362 2335 eam

1793 2379 1976 2437 mutat,
1999 2390 2055 2424 ac
2074 2376 2246 2439 frigore
2268 2379 2470 2441 expulso
2490 2380 2741 2429 humorem
2765 2382 3016 2444 percoquit
3042 2397 3054 2429 :
3087 2382 3216 2431 unde
3240 2396 3363 2444 aqua

1793 2471 2055 2521 admodum
2095 2473 2216 2523 lenis
2248 2474 2421 2524 incidit
2456 2477 2504 2523 in
2538 2476 2741 2540 stirpes,
2779 2482 2829 2526 et
2873 2491 2987 2526 mox
3040 2478 3363 2527 crassescendi

1793 2583 1939 2617 causa
1957 2575 2047 2619 est.
2117 2572 2183 2632 (3)
2203 2571 2293 2620 Sed
2317 2578 2366 2621 et
2391 2572 2682 2635 peculiarem
2711 2574 3018 2636 temperiem,
3046 2587 3363 2638 saporemque

1795 2671 2033 2716 mutatum
2057 2668 2149 2717 ista
2170 2669 2426 2731 compl-atis
2444 2683 2570 2732 aqua
2591 2670 2734 2719 infert
2760 2685 2773 2718 ε
2798 2683 2896 2732 quo
2920 2678 3060 2733 pacto
3078 2676 3127 2719 et
3151 2684 3230 2720 ros
3254 2684 3364 2720 sua·

1796 2763 1906 2812 vius
1931 2764 2088 2827 pecori
2108 2765 2334 2827 pabulum
2359 2765 2543 2826 reddit;
2566 2767 2615 2815 et
2636 2779 2779 2815 arcus
2804 2765 3014 2816 eoelestis
3051 2768 3099 2816 in
3117 2782 3212 2830 qua
3237 2769 3365 2818 nube

1795 2862 1951 2910 elucet
1964 2896 1977 2921 ,
1998 2875 2054 2910 ea
2073 2861 2211 2924 lignis
2223 2898 2237 2922 ,
2256 2862 2303 2910 in
2318 2876 2429 2925 quae
2444 2861 3002 2926 descendit‚fragrantiae
3018 2864 3282 2927 plurimum
3297 2867 3366 2914 in-

1798 2960 1949 3008 serit:
1971 2973 2124 3023 eoque
2145 2959 2319 3008 indicio
2347 2960 2421 3009 fisi
2437 2961 2657 3010 nostriea
2675 2967 2868 3023 vocant,
2892 2965 3165 3025 eriscepta‚
3190 2963 3367 3027 quippe
3407 2959 3410 2960 ⁷

1799 3058 1845 3106 in
1874 3072 1983 3121 quae
2010 3058 2189 3107 nubem
2219 3058 2355 3107 iridis
2379 3062 2552 3122 putant
2574 3059 2851 3110 defluxisse.
2924 3061 2992 3122 (4)
3027 3062 3180 3112 Multo
3202 3067 3365 3112 autem

1801 3156 1950 3217 magis
1972 3156 2217 3218 probabile
2235 3162 2285 3206 et
2309 3157 2332 3204 f
2331 3156 2626 3219 ulguralibus
2645 3161 2695 3206 et
2717 3157 3050 3207 fulminalibus
3073 3160 3242 3221 aquis,
3275 3160 3369 3223 spi-

1799 3221 1973 3303 ritibus
1995 3256 2046 3303 et
2064 3254 2304 3304 caloribus
2322 3255 2418 3304 alte
2442 3254 2803 3317 penetrantibus
2828 3259 3003 3305 terram
3027 3258 3268 3320 converti,
3291 3256 3370 3306 ita·

1798 3365 1895 3415 que
1917 3352 2068 3401 laxari
2095 3357 2143 3401 et
2163 3352 2293 3402 hiare
2311 3389 2325 3408 ‚
2352 3353 2599 3415 quomodo
2622 3353 2807 3402 calores
2835 3354 3034 3416 quidam
3068 3358 3118 3403 et
3142 3355 3369 3404 humores

1800 3450 2046 3511 sanguinei
2066 3451 2114 3499 in
2129 3463 2327 3513 corpore
2344 3450 2588 3499 tubercula
2604 3450 2832 3512 glandosa
2846 3454 2895 3500 et
2909 3456 3010 3501 stru
3018 3464 3120 3500 mas
3136 3452 3367 3501 efficiunt.

1803 3550 1870 3611 (ὁ)
1897 3552 2003 3599 Nou
2026 3550 2154 3598 enim
2183 3547 2375 3597 videtur
2396 3548 2559 3610 planta
2593 3548 2750 3609 tuber,
2782 3561 2938 3611 neque
2960 3548 3063 3597 sinc
3080 3562 3205 3610 aqua
3231 3562 3371 3610 gene·

1803 3653 1954 3706 ratur,
1974 3644 2059 3695 sed
2078 3644 2320 3694 radicibus
2334 3649 2384 3695 et
2397 3645 2609 3707 germine
2627 3650 2785 3704 caret,
2800 3648 2970 3708 estque
2982 3644 3141 3694 adhuc
3156 3645 3370 3694 solutum

1803 3744 1981 3808 quippe
2001 3757 2087 3808 per
2114 3757 2167 3794 se
2187 3748 2358 3792 natum
2381 3758 2440 3794 ex
2472 3749 2598 3793 terra
2620 3743 2791 3806 aliquo
2824 3742 2970 3792 modo
3000 3742 3174 3792 affecta
3197 3748 3245 3791 et
3268 3757 3370 3791 mu-

1803 3849 1921 3892 tata.
1990 3842 2059 3905 (6)
2082 3841 2267 3900 Quodsi
2292 3842 2431 3891 vobis
2462 3842 2567 3891 iiaec
2598 3841 2722 3890 ratio
2745 3840 2937 3891 videtur
2967 3840 3134 3899 exilis,
3169 3841 3281 3889 talia
3305 3845 3371 3888 ta·

1805 3952 1915 3988 men
1952 3944 2066 3988 sunt
2087 3938 2316 4001 pleraque
2340 3937 2617 3987 tonitrubus
2648 3942 2697 3986 et
2730 3936 3013 3985 fulminibus
3048 3935 3323 3985 comitantia
3357 3950 3371 3983 ε

1805 4035 1969 4099 itaque
1991 4033 2123 4084 hisce
2146 4034 2479 4084 affectionibus
2501 4034 2709 4082 maxime
2728 4032 2889 4095 opinio
2909 4030 3131 4094 quaedam
3150 4031 3373 4079 divinita·

1807 4133 1869 4181 tis
1887 4132 2039 4181 adest.

1874 4331 1958 4376 111.
1989 4326 2166 4376 Aderat
2189 4330 2292 4374 tum
2320 4339 2414 4372 una
2444 4324 2604 4371 rhetor
2635 4320 2927 4370 Dorotheus.
2995 4323 3072 4380 Is,
3102 4324 3280 4380 Recte,
3308 4323 3373 4370 in-

1809 4415 1915 4479 quit
1937 4451 1950 4475 ,
1975 4415 2095 4463 dicis
2132 4429 2143 4461 ε
2171 4426 2266 4462 non
2291 4414 2420 4461 enim
2453 4410 2689 4483 duntaxat
2721 4408 2864 4469 vulgo
2887 4412 2938 4457 et
2967 4407 3173 4458 indoctis
3200 4423 3256 4458 ea
3275 4415 3345 4457 est
3363 4447 3375 4460 ,

1809 4504 1896 4553 sed
1910 4504 2055 4552 etiam
2070 4501 2361 4565 quibusdam
2375 4498 2672 4561 philosophis
2684 4532 2700 4557 ‚
2714 4496 2895 4560 opinio.
2966 4497 3034 4559 (2)
3051 4499 3071 4545 1
3073 4510 3160 4560 pse
3180 4498 3374 4545 memini

1810 4591 1939 4654 apud
1964 4604 2052 4639 nos
2083 4590 2267 4639 fulmen
2301 4587 2527 4637 incidisse
2551 4587 2600 4634 in
2624 4585 2853 4647 domum,
2886 4590 2934 4635 et
2966 4586 3119 4635 multa
3145 4586 3377 4634 mirabilia

1816 4681 1982 4729 fecisse
2013 4680 2140 4741 (nam
2162 4678 2327 4726 vinum
2348 4690 2374 4725 e
2402 4676 2546 4725 doliis
2569 4675 2734 4725 illaesis
2746 4675 3043 4735 consumsit;
3067 4683 3117 4723 et
3132 4675 3375 4724 hominem

1815 4767 2132 4817 dormientem
2166 4764 2506 4824 transvolavit,
2525 4777 2683 4827 neque
2709 4764 2867 4827 ipsum
2891 4762 3100 4824 laedens,
3125 4777 3281 4825 neque
3300 4775 3378 4811 ve-

1814 4862 1939 4906 stem
1965 4861 2195 4916 tangens3
2221 4854 2303 4903 sed
2326 4866 2478 4915 quum
2512 4854 2699 4902 cinctus
2735 4854 2865 4902 esset
2878 4851 3079 4912 ‘cingulo
3110 4852 3380 4900 continente

1813 4958 1998 4994 aeneam
2020 4943 2274 5006 pecuniam
2292 4977 2308 5002 ‚
2341 4955 2571 4991 nummos
2603 4941 2712 4991 illos
2735 4938 2950 4990 confudit
2977 4939 3155 4989 fulmen
3183 4944 3233 4987 et
3250 4938 3378 4987 colli·

1813 5033 2012 5097 quavit)
2041 5047 2053 5081 :
2080 5031 2225 5095 igitur
2247 5032 2378 5080 huuc
2407 5030 2649 5080 hominem
2678 5029 2934 5078 accessisse
2958 5027 3015 5075 ad
3042 5027 3380 5088 philosophum
