3709 5609
151 295 247 323 Ἧι
271 311 285 335 ,
319 287 495 323 ιιι-ι’.
515 287 619 335 aaa,
643 287 675 323 r.
695 311 707 335 ,
735 267 815 343 Ε.)

141 412 242 467 τοῦ
295 402 593 485 Καρυστίου
630 399 749 468 τοὺς
780 398 1213 478 Ἀλκιδάμαντος,
1247 399 1487 458 διέλαόεν
1526 398 1730 467 αὐτούς.

1363 263 1411 319 Ji
1459 263 1880 323 fflixsfflm'ffl
1932 263 2152 323 i'lTAE„

3224 283 3372 335 ΗΠΒ

1822 409 2000 458 mantis
2021 408 2261 461 orationes
2287 415 2481 460 nactum
2500 447 2514 471 ,
2533 425 2616 462 eas
2635 425 2743 463 esse
2759 416 3158 466 commentatum.
3223 415 3292 479 (ο)
3306 418 3384 468 Vi·

147 499 214 574 (ε)
260 491 577 559 Τελειωθεὶς
609 488 690 563 δὲ,
730 487 932 549 ἐλάττω
968 486 1117 570 παρὰ
1151 491 1255 545 τῶν
1296 486 1590 569 ἐπιτρόπων
1621 511 1734 546 πα-
1823 495 1959 546 rilem
1989 500 2182 546 oetatem
2213 496 2444 560 adeptus,
2476 502 2660 549 tutores
2694 513 2839 563 suos,
2871 502 3003 566 quod
3037 503 3100 553 ab
3132 504 3192 553 iis
3225 506 3388 557 minus

145 580 434 665 ραλαὸὼν,
473 579 669 662 ἕκρῑνεν
711 576 896 644 αὖτοὺς
933 578 1215 657 ἐπιτροπῆς
1250 575 1338 635 ἐπὶ
1369 574 1733 657 Τιμοκράτους
1820 596 1966 647 aequo
2005 585 2299 648 accepisset,
2339 586 2464 635 male
2511 586 2858 639 administratae
2902 591 3068 641 tutelae
3115 595 3387 655 accusavit,

145 672 442 751 ἄρχοντος,
475 667 611 748 τρεῖς
651 666 829 738 ὄντας,
866 662 1110 746 Ἄφοὸον,
1144 663 1506 744 Θηριππίδην,
1546 669 1731 741 Δημο-

94 784 118 821 s
141 764 342 840 φῶντα
354 756 391 829 ἢ
406 753 640 833 Δημέαν·
655 753 747 813 καὶ
763 753 995 831 μάλιστα
1008 749 1191 811 τούτου
1205 751 1564 832 κατηγόρησεν
1579 753 1737 810 ἀδελ-

143 852 250 927 φοῦ
291 849 389 915 τῆς
425 841 620 924 μητρὸς
649 840 819 914 ὄντος,
857 839 982 898 δέκα
1016 840 1252 898 τάλαντα
1289 838 1499 918 τίμημα
1536 838 1731 917 ἑκάστῃ

142 937 259 992 τιῖἱν
289 934 451 991 δικῶν
477 927 914 1012 ἐπιγραψάμενος·
945 928 1013 1006 (7)
1043 926 1134 987 καὶ
1158 918 1291 986 εἶλεν
1321 925 1521 994 αὐτούς·
1552 932 1646 1000 τῆς
1677 925 1732 986 δὲ

142 1020 454 1093 καταδίκης
482 1019 627 1078 οὐδὲν
657 1015 945 1101 ἐπράξατο,
971 1014 1089 1084 τοὺς
1118 1015 1213 1094 μὲν
1242 1015 1431 1098 [ἀφεὶς]
1459 1014 1732 1097 ἀργυρίου,

141 1109 272 1178 τοὺς
318 1107 376 1167 δὲ
417 1107 509 1168 καὶ
544 1106 772 1188 χάριτος.
857 1106 922 1182 (8)
967 1104 1364 1187 Ἀριστοφῶντος
1405 1103 1451 1163 δ’
1491 1104 1595 1177 ἤδη
1637 1102 1731 1175 τὴν

71 1221 117 1261 ιο
139 1196 489 1280 προστασίαν
517 1194 601 1253 διὰ
632 1199 799 1276 γῆρας
823 1190 1227 1264 καταλιπόντος,
1256 1191 1347 1249 καὶ
1367 1190 1593 1272 χορηγὸς
1614 1189 1733 1270 ἐγέ-

140 1311 292 1346 νετο.
386 1286 448 1362 (9)
473 1282 698 1345 Μειδίαν
727 1281 782 1341 δὲ
810 1281 898 1340 τὸν
926 1279 1316 1361 Ἀναγυράσιον,
1341 1277 1612 1351 πλήξαντα
1637 1282 1735 1337 αὖ·

138 1376 236 1435 τὸν
273 1377 334 1433 ἐν
358 1378 436 1454 τῷ
459 1371 661 1454 θεάτρῳ
684 1375 1038 1452 χορηγοῦντα,
1067 1371 1138 1435 εἷς
1167 1366 1335 1449 κρίσιν
1367 1367 1733 1441 καταστήσας,

140 1461 343 1523 λαῧὼν
375 1458 671 1542 τρισχιλίας
700 1461 869 1539 ἀφῆκε
904 1460 998 1527 τῆς
1036 1453 1201 1525 δίκης.
1289 1456 1383 1535 (ιο)
1422 1452 1648 1533 Λέγουσι
1678 1453 1731 1515 δὲ

142 1551 319 1610 αὐτὸν
349 1548 429 1609 ἔτι
454 1547 566 1607 νέον
593 1548 719 1606 ὄντα
747 1547 817 1612 εἷς
840 1543 1098 1615 σπήλαιον
1125 1544 1370 1620 ἀπιέναι,
1399 1545 1556 1602 κάκεῖ
1579 1542 1733 1622 φιλο-

71 1660 116 1700 15
139 1641 335 1720 λογεῖν
360 1637 428 1697 τὸ
452 1635 618 1714 ἥμισυ
641 1638 735 1706 τῆς
755 1634 985 1713 κεφαλῆς
1009 1629 1311 1713 ξυράμενον,
1338 1628 1424 1689 ἵνα
1447 1627 1521 1709 μὴ
1544 1627 1735 1712 προέρ-

141 1750 329 1810 χοιτο·
353 1725 449 1785 καὶ
468 1723 554 1782 ἐπὶ
574 1726 756 1793 στενῆς
775 1718 956 1792 κλίνης
974 1724 1288 1797 κοιμᾶσθαι,
1310 1716 1396 1777 ἵνα
1418 1716 1503 1777 διὰ
1525 1715 1732 1796 ταχέων

144 1817 461 1887 ἀνίστηται·
493 1814 577 1890 (ι1)
613 1809 674 1868 τό
697 1832 757 1867 τε
787 1811 860 1891 ῥῶ
889 1806 963 1885 μὴ
999 1806 1282 1884 δυνάμενον
1309 1804 1476 1884 λέγειν
1504 1806 1735 1874 ἐκπονῆ-

145 1931 241 1965 ⁹:22
261 1950 281 1981 ,
317 1900 412 1959 καὶ
451 1897 541 1957 τὸν
582 1886 727 1975 ὦμον
756 1897 810 1954 ἐν
837 1898 913 1978 τῷ
947 1896 1175 1976 μελετᾷν
1210 1898 1449 1953 κινοῦντα
1492 1893 1738 1966 ἀπρεπῶς

148 1992 543 2062 >αταπαῦσαι,
585 1983 1002 2065 παραρτήσαντα
1037 1981 1337 2056 ὀὸελίσκον,
1382 1982 1445 2054 ἢ,
1481 1978 1549 2048 ὥς
1576 2003 1735 2052 τινες,

71 2100 119 2140 an
148 2078 379 2159 ξιφίδιον
406 2077 468 2134 ἐκ
492 2077 586 2145 τῆς
611 2075 830 2155 ὀροφῆς,
856 2069 944 2130 ἵνα
977 2069 1294 2153 φοὸούμενος
1319 2067 1561 2150 ἠρεμοίη·
1647 2068 1732 2147 (ta)

145 2161 519 2246 προὸαίνοντα
549 2163 612 2231 δὴ
644 2158 782 2219 κατὰ
814 2157 909 2231 τὴν
943 2161 1047 2216 τῶν
1074 2155 1245 2237 λόγων
1282 2156 1453 2237 ἰσχὺν,
1487 2154 1737 2238 ἔσοπτρον

148 2248 469 2329 ἰσομέγεθες
505 2252 647 2329 αὑτῷ
673 2244 1098 2317 κατασκευάσαι,
1136 2244 1228 2303 καὶ
1264 2246 1393 2329 πρὸς
1419 2250 1571 2305 τοῦτο
1605 2246 1736 2327 ἀφο·

150 2345 339 2421 ρῶντα
367 2339 616 2418 μελετᾷν,
638 2334 725 2395 ἵνα
754 2332 1184 2414 ἐπανορθώσηται
1206 2332 1275 2393 τὰ
1294 2331 1617 2393 ἐλλείποντα·
1644 2334 1737 2413 (13)

152 2429 247 2487 καὶ
272 2424 532 2485 κατιόντα
557 2425 644 2483 ἐπὶ
669 2422 727 2483 τὸ
750 2421 1078 2504 Φαληρικὸν,
1103 2421 1232 2503 πρὸς
1250 2420 1341 2490 τὰς
1362 2425 1466 2481 τῶν
1486 2419 1739 2500 κυμάτων

74 2547 122 2583 21.
149 2514 402 2595 ἐμὸολὰς
429 2514 523 2580 τὰς
549 2511 758 2595 σκέψεις
778 2514 1067 2583 ποιεῖσθαι,
1093 2507 1179 2581 ἵν’,
1211 2510 1260 2569 εἴ
1284 2533 1413 2569 ποτε
1440 2508 1682 2592 θορυ6οίη
1711 2512 1740 2569 δ

150 2608 330 2682 δῆμος
344 2647 361 2674 ,
389 2600 467 2680 μὴ
497 2599 732 2671 ἐκσταίη·
758 2599 844 2677 (14)
867 2605 958 2658 τοῦ
979 2597 1037 2656 δὲ
1058 2596 1354 2676 πνεύματος
1376 2598 1520 2675 αὐτῷ
1542 2595 1738 2657 ἐνδέον·

150 2718 239 2761 τος
254 2738 272 2765 ,
306 2687 671 2769 Νεοπτολέμῳ
693 2691 770 2769 τῷ
790 2691 1043 2768 ὑποκριτῇ
1074 2684 1259 2767 μυρίας
1282 2687 1485 2760 δοῦναι,
1508 2683 1594 2745 ἵνα
1618 2685 1741 2753 ὅλας

152 2779 442 2860 περιόδους
468 2774 767 2843 ἀπνεύστως
787 2775 935 2856 λέγῃ.
1023 2777 1112 2853 (ιε)
1135 2775 1295 2835 Ἐπεὶ
1313 2772 1368 2833 δὲ
1388 2778 1466 2855 τῷ
1483 2773 1742 2834 πολιτεύε·

154 2875 285 2929 σθαι
315 2867 640 2949 προσῆλθεν,
679 2866 750 2931 εἰς
772 2863 864 2923 δύο
892 2862 1219 2943 διῃρημένων
1246 2867 1352 2922 τῶν
1377 2865 1432 2921 ἐν
1466 2867 1532 2942 τῇ
1559 2862 1741 2937 πόλει,

77 2984 126 3021 an
153 2957 388 3017 καὶτῶν
412 2952 509 3032 μὲν
532 2949 953 3034 φιλιππιζόντων,
982 2954 1087 3009 τῶν
1110 2949 1166 3009 δὲ
1188 2948 1319 3031 ὑπὲρ
1340 2954 1434 3022 τῆς
1452 2948 1742 3032 ἐλευθερίας

155 3040 629 3124 δημηγορούντων,
660 3038 759 3112 τὴν
790 3043 894 3099 τῶν
925 3038 1449 3117 ἀντιπολιτευομένων
1480 3037 1742 3120 Φιλίππῳ

153 3135 313 3203 τάξιν
344 3129 533 3190 εἵλετο·
559 3127 651 3188 καὶ
677 3126 872 3195 παντὸς
892 3132 985 3187 τοῦ
1005 3124 1197 3207 χρόνου
1218 3124 1475 3185 διετέλεσε
1501 3124 1741 3203 συμὸου-

153 3221 334 3283 λεύων
348 3227 457 3285 τοῖς
471 3214 853 3276 κινδυνεύουσιν
868 3213 970 3273 ὑπὸ
987 3213 1249 3295 Φιλίππῳ
1261 3212 1499 3291 γενέσθαι
1515 3217 1738 3293 βοηθεῖν,

156 3305 679 3390 συμπολιτευόμενος
705 3301 1017 3386 Ὑπερείδῃ,
1047 3303 1364 3375 Ναυσικλεῖ,
1391 3301 1739 3382 Πολυεύκτῳ,

83 3428 130 3465 ιε
156 3396 422 3478 Διοτίμῳ·
440 3395 560 3472 (16)*
572 3393 650 3451 διὸ
668 3392 761 3453 καὶ
772 3391 1083 3471 συμμάχους
1100 3392 1206 3457 τοῖς
1216 3388 1507 3461 Ἀθηναίοις
1526 3390 1738 3462 ἐποίησε

157 3486 475 3559 Θηὸαίους,
511 3480 756 3552 linwede,
796 3477 1173 3560 Κερκυραίους,
1206 3476 1529 3560 Κορινθίους,
1567 3481 1738 3537 Βοιω-

157 3575 279 3642 τοὺς
291 3620 308 3646 ,
332 3572 430 3632 καὶ
451 3567 676 3635 πολλοὺς
694 3568 882 3634 ἀλλους
898 3566 1026 3648 πρὸς
1041 3563 1257 3630 τούτοις.
1342 3563 1365 3643 (
1370 3566 1438 3640 17)
1461 3564 1740 3626 Ἐκπεσὼν

158 3663 218 3723 δέ
244 3662 369 3720 ποτ’
401 3658 491 3718 ἐπὶ
516 3663 610 3729 τῆς
645 3654 926 3727 ἐκκλησίας
956 3655 1047 3714 καὶ
1071 3658 1303 3732 ἀθυμῶν,
1329 3653 1561 3723 ἐὸάδιζεν
1589 3654 1739 3713 οἴκοι·

160 3747 444 3829 συντυχὼν
468 3747 514 3805 δ’
538 3748 683 3825 αὐτῷ
707 3742 941 3820 Εὔνομος
962 3746 992 3803 δ
1014 3742 1295 3823 Θριάσιος,
1320 3740 1618 3823 πρεσόύτης
1634 3742 1737 3815 ἤδη

82 3866 133 3904 ⁴0
159 3839 257 3909 ὢν,
285 3834 651 3918 προετρέψατο
673 3833 759 3891 τὸν
780 3830 1105 3909 Δημοσθένη·
1129 3831 1360 3909 μάλιστα
1382 3832 1435 3889 δὲ
1456 3832 1739 3911 ὑποκριτὴς

159 3923 515 4006 Ἀνδρόνικος,
536 3919 697 3981 εἰπὼν
720 3925 790 3988 ὡς
817 3922 863 3980 οἱ
887 3918 982 3998 μὲν
1005 3919 1150 3998 λόγοι
1167 3921 1341 3999 καλῶς
1368 3918 1552 4000 ἔχοιεν,
1571 3918 1739 3980 λείποι

160 4014 221 4073 δὲ
250 4016 399 4093 αὐτῷ
423 4010 491 4069 τὰ
519 4014 611 4081 τῆς
633 4007 968 4089 ὑποκρίσεως·
992 4007 1426 4086 ἀπεμνημόνευσέ
1446 4032 1501 4068 τε
1525 4012 1629 4067 τῶν
1652 4009 1740 4068 ἐπὶ

160 4107 261 4173 τῆς
297 4097 582 4171 ἐκκλησίας
611 4100 700 4155 ὑπ’
733 4099 895 4156 αὐτοῦ
929 4094 1274 4175 λελεγμένων·
1300 4095 1391 4154 καὶ
1427 4094 1489 4168 δὴ
1519 4095 1737 4155 πιστεύ-

162 4211 340 4249 σαντα
362 4185 451 4247 τὸν
473 4182 783 4264 Δημοσθένη
803 4186 1131 4266 παραδοῦναι
1149 4182 1304 4242 αὑτὸν
1321 4187 1396 4263 τῷ
1415 4182 1737 4265 Ἀνδρονίκῳ.

84 4302 136 4341 4ο
166 4280 261 4355 (ts)
275 4274 443 4336 Ὅθεν
459 4271 705 4354 ἐρομένου
720 4271 873 4330 αὐτόν
895 4279 1071 4345 [τινος]
1087 4270 1140 4330 τί
1164 4274 1370 4351 πρῶτον
1394 4273 1446 4328 ἐν
1472 4275 1738 4352 ῥητορικῇ,

163 4357 337 4434 εἶπεν,
369 4361 693 4442 Ὗπόκρισις·
723 4359 814 4419 καὶ
841 4358 894 4418 τί
922 4358 1176 4441 δεύτερον·
1215 4357 1534 4439 Ὗπόκρισις·
1562 4361 1653 4418 καὶ
1685 4359 1738 4418 τί

161 4451 363 4533 τρίτον·
400 4449 721 4530 Ὑπόκρισις.
810 4449 895 4526 (ιο)
942 4448 1220 4528 Προελθὼν
1256 4444 1310 4505 δὲ
1347 4447 1504 4505 πάλιν
1544 4449 1614 4513 εἷς
1647 4448 1740 4515 τὰς

166 4536 481 4611 ἐκκλησίας,
511 4539 828 4615 νεωτερικῶς
854 4559 970 4593 τινα
1006 4533 1195 4613 λέγων,
1225 4533 1501 4616 διεσύρετο·
1531 4539 1602 4602 ὡς
1635 4558 1740 4595 κω-

166 4629 481 4709 μῳδηθῆναι
505 4624 662 4683 αὐτὸν
686 4623 773 4682 ὑπ’
807 4621 1158 4700 Ἀντιφάνους,
1189 4621 1278 4681 καὶ
1300 4622 1637 4700 Τιμοκλέους·

303 4771 383 4815 Μὴ
399 4775 503 4831 γῆν,
528 4767 592 4831 μὲ
612 4767 776 4831 atpium:
792 4803 804 4823 ‚
828 4767 892 4827 psit
916 4764 1176 4828 ποταμοὺς,
1195 4764 1260 4827 μὰ
1277 4763 1478 4827 νάματα·

171 4891 375 4967 aperiam
399 4891 447 4951 ΕΞ
475 4895 656 4951 τοῦτον
684 4891 772 4947 *rhu
800 4887 988 4967 τρόπον
1016 4890 1066 4947 ἐν
1091 4891 1167 4969 τῷ
1192 4886 1370 4968 δήμῳ,
1395 4887 1611 4970 θόρυὸον
1634 4887 1738 4947 ἐκί·

175 5003 355 5047 πτειν.
439 4983 524 5059 (ευ)
556 4975 768 5055 ‘upana
800 4979 852 5035 δὲ
876 4975 968 5035 καὶ
996 4975 1080 5035 τὸν
1108 4975 1441 5049 Ἀσκληπιὸν,
1469 4999 1740 5059 προπαρο-

175 5067 343 5139 &dm-w
363 5067 692 5139 Ἀσκλήπιον·
712 5067 804 5123 καὶ
824 5063 1186 5144 παρεδείκνυεν
1206 5064 1359 5123 αὖτὸν
1381 5067 1539 5145 ὀρθῶς
1559 5064 1738 5145 λέγον-

1821 672 2093 722 Timocrate
2108 672 2338 723 archonte
2355 688 2374 722 .·
2411 676 2548 725 erant
2569 680 2732 725 autem
2754 677 2882 738 tres,
2912 678 3174 741 Aphobus,
3194 680 3389 747 Therip-

1821 759 1986 823 pides,
2009 762 2059 810 et
2082 761 2363 823 Demophon
2382 761 2485 811 sive
2503 765 2708 813 Demeas
2734 778 2748 812 ε
2775 766 2921 827 atque
2940 766 3069 816 hunc
3090 769 3388 821 avunculum

1821 860 1996 909 suum,
2021 848 2174 910 magis
2193 862 2338 911 quam
2358 848 2479 900 alios
2504 864 2519 900 ε
2548 854 2598 901 ει
2628 853 2998 915 unamquamvis
3032 854 3274 907 actionem
3307 855 3389 909 dc-

1820 946 1927 984 cem
1958 936 2150 985 talentis
2183 936 2476 987 aestimavit:
2542 939 2610 1003 (7)
2651 953 2802 1002 quum
2836 944 2999 991 autem
3043 955 3151 993 reos
3193 945 3392 1008 peregis-

1821 1025 1922 1086 set,
1967 1024 2170 1075 multam
2207 1038 2304 1074 non
2356 1027 2514 1089 exegit
2567 1041 2581 1076 :
2632 1027 2743 1079 aliis
2772 1029 3045 1093 pecuniam,
3087 1031 3196 1083 aliis
3243 1033 3391 1085 etiam

1819 1111 2020 1172 gratiam
2043 1113 2312 1163 remittens.
2379 1114 2447 1177 (8)
2467 1114 2806 1179 Aristophonte
2837 1122 3000 1168 autem
3026 1119 3129 1182 Jam
3152 1120 3218 1170 ob
3253 1134 3389 1173 sene·

1820 1201 2004 1249 ctutem
2046 1201 2381 1263 praefecturam
2431 1202 2707 1267 deserente,
2756 1203 2903 1256 etiam
2951 1206 3191 1270 eboragus
3239 1208 3394 1261 sactus

1821 1290 1913 1336 est.
1981 1288 2048 1350 (9)
2074 1287 2272 1338 Midiam
2295 1290 2671 1353 Anagyrasium,
2696 1293 2780 1355 qui
2807 1293 2966 1357 ipsum
3000 1295 3050 1345 in
3073 1296 3263 1347 theatro
3285 1297 3394 1349 cho·

1822 1388 1931 1424 rum
1965 1374 2284 1426 instruentem
2306 1384 2633 1441 percusserat,
2674 1380 2725 1429 in
2751 1380 2991 1443 judicium
3014 1386 3282 1447 pertraxit:
3306 1385 3392 1438 scd

1821 1462 2034 1527 acceptis
2060 1462 2219 1514 tribus
2254 1464 2589 1517 drachmarum
2630 1468 2845 1520 millibus
2877 1470 3078 1521 missum
3097 1472 3227 1525 sccii.
3292 1475 3395 1537 (10)
3501 1519 3505 1533 ,

1824 1553 2010 1601 Ferunt
2038 1552 2414 1603 Demosthenem
2441 1554 2707 1605 etiamnum
2747 1555 3099 1610 adolescentem
3129 1559 3178 1610 ln
3201 1569 3394 1615 anulum

1821 1638 2244 1704 abivisse,lbique
2280 1640 2500 1692 meditari
2539 1642 2734 1693 solitum
2763 1646 3006 1697 orationes
3042 1662 3148 1698 rasa
3195 1648 3396 1701 dimidia

1821 1727 1992 1791 capitis
2015 1730 2176 1791 parte,
2194 1742 2255 1779 ne
2275 1730 2430 1781 exiret
2453 1746 2466 1780 :
2485 1730 2632 1795 inque
2648 1739 2854 1797 angusta
2870 1735 3096 1787 mbuisse
3109 1737 3293 1801 sponda
3304 1775 3319 1800 ,
3341 1747 3397 1791 ιιι

1822 1816 1922 1866 cito
1955 1816 2361 1879 expergisceretur
2384 1831 2400 1867 ;
2421 1817 2519 1882 (11)
2539 1832 2788 1885 quumque
2810 1821 2995 1873 literam
3026 1826 3069 1875 R
3104 1839 3201 1876 non
3233 1834 3397 1891 posset

1824 1904 2167 1967 pronunciare,
2209 1905 2372 1957 labore
2410 1910 2727 1958 consecutum
2763 1912 2820 1959 ut
2862 1912 3099 1974 proterret
3121 1920 3206 1965 :et
3237 1929 3394 1979 quum

1823 1990 1950 2041 inter
1970 1990 2338 2043 declamandum
2359 2006 2555 2045 movere
2577 1996 2756 2047 soleret
2779 1998 3034 2050 humerum
3056 2000 3395 2055 inconvenien-

1826 2084 1920 2143 ter,
1944 2079 1994 2128 id
2011 2079 2290 2131 desaevisse
2302 2118 2317 2143 ,
2337 2095 2572 2146 suspenso
2595 2097 2624 2134 e
2640 2084 2853 2136 culmine
2871 2098 2987 2137 veru
3004 2123 3021 2150 ,
3035 2090 3143 2150 aut,
3161 2090 3292 2153 quod
3313 2091 3395 2143 alii

1823 2168 2022 2232 dicunt,
2054 2168 2240 2231 gladio,
2283 2174 2339 2221 ut
2373 2169 2478 2231 ejus
2510 2174 2644 2221 metu
2676 2185 2730 2222 se
2766 2175 3069 2227 contineret:
3095 2178 3193 2240 (12)
3222 2178 3397 2231 deinde

1825 2269 1979 2319 quum
1997 2256 2096 2320 jam
2133 2262 2304 2307 auctus
2335 2260 2462 2308 esset
2484 2259 2531 2308 vi
2567 2258 2790 2322 dicendi,
2826 2263 3076 2326 specuium
3110 2264 3280 2316 secisse
3303 2266 3395 2317 sibi

1825 2344 2040 2407 aequale,
2064 2344 2210 2408 inque
2230 2344 2282 2395 id
2302 2345 2633 2409 inspicientem
2653 2360 2706 2397 se
2730 2350 3030 2411 exercuisse,
3055 2356 3111 2399 nt
3134 2356 3392 2416 corrigeret

1829 2430 1945 2481 vitia
1969 2445 1983 2480 ε
2006 2432 2105 2495 (13)
2125 2431 2430 2483 descendisse
2456 2433 2602 2485 etiam
2632 2434 2694 2484 ad
2729 2436 3032 2487 Phalericum
3063 2438 3208 2503 litus,
3231 2445 3283 2490 et
3312 2442 3394 2492 ad·

1828 2533 1998 2571 versus
2035 2520 2191 2572 undas
2220 2521 2553 2586 obstrepentes
2584 2522 2901 2586 declamasse,
2923 2532 2980 2575 ut
3010 2527 3053 2577 si
3085 2528 3281 2591 quando
3314 2543 3396 2595 po·

1826 2608 1974 2672 pulus
1993 2608 2303 2672 obturbaret,
2318 2610 2410 2660 hoc
2432 2609 2526 2660 sibi
2543 2623 2641 2661 non
2659 2617 2784 2663 esset
2805 2615 2970 2665 terrori
2995 2628 3010 2664 ι
3035 2616 3132 2680 (14)
3150 2630 3397 2682 quumque

1827 2709 1942 2746 eum
1964 2696 2165 2759 spiritus
2185 2694 2434 2758 deiiceret,
2459 2699 2755 2761 Neoptolemi
2781 2701 3027 2753 histrionis
3056 2717 3202 2767 opera
3223 2706 3393 2757 decem

1827 2780 2167 2834 drachmarum
2181 2784 2392 2835 millibus
2406 2785 2646 2836 conducta
2654 2785 2879 2840 didicisse
2892 2803 2991 2842 uno
3003 2792 3178 2855 spiritu
3189 2793 3398 2858 integras

1829 2871 2140 2922 circuitiones
2178 2872 2367 2924 elrerre.
2435 2873 2536 2936 (15)
2573 2877 2836 2939 Postquam
2867 2890 2921 2927 se
2957 2879 3018 2929 ad
3055 2882 3396 2945 rempublicam

1828 2958 2061 3020 contulit,
2083 2959 2241 3011 diviso
2273 2960 2326 3010 in
2357 2960 2482 3011 duas
2513 2960 2743 3013 factiones
2765 2964 2973 3028 populo,
3006 2980 3213 3030 quarum
3247 2965 3409 3022 altera'

1830 3046 2049 3111 Philippo
2093 3047 2305 3113 faveret,
2349 3049 2499 3100 altera
2549 3063 2636 3114 pro
2691 3050 2910 3103 libertale
2947 3061 3134 3117 ageret,
3173 3057 3397 3124 Philippo

1827 3134 2197 3186 adversantibus
2221 3150 2275 3187 se
2296 3136 2508 3197 addidit,
2536 3138 2765 3201 omnique
2785 3143 2998 3205 tempore
3020 3143 3214 3195 civibus
3245 3148 3397 3196 suasit

1828 3226 1885 3273 ut
1911 3223 1971 3273 iis
2001 3224 2235 3274 auxilium
2257 3224 2433 3275 ferrent
2447 3260 2463 3286 ,
2485 3238 2610 3290 quos
2628 3238 2659 3276 a
2682 3226 2904 3291 Philippo
2920 3241 3206 3293 oppressum
3232 3232 3286 3282 iri
3317 3248 3391 3297 pe-

1826 3310 2033 3361 riculum
2057 3314 2184 3372 erat;
2207 3312 2364 3362 socios
2387 3313 2462 3362 sui
2481 3313 2686 3364 instituti
2711 3314 2880 3366 habuit
2902 3318 3197 3380 llyperidem
3214 3356 3229 3381 ,
3269 3325 3392 3373 Nau·

1826 3399 2010 3459 siclem,
2030 3400 2339 3463 polyeuctum
2353 3437 2368 3461 ,
2382 3400 2664 3451 Diolimum.
2733 3403 2832 3465 (16)
2855 3404 3064 3469 ideoque
3082 3410 3226 3458 etiam
3247 3411 3393 3463 Athe-

1827 3487 2070 3537 niensibus
2100 3488 2276 3538 l‘oedere
2294 3489 2456 3551 junxit
2482 3489 2766 3553 Thebanos,
2802 3492 3080 3545 Euboenses
3096 3532 3109 3555 ‚
3135 3499 3394 3561 Corcyreo·

1828 3588 1933 3637 ses,
1952 3575 2252 3634 Corinthios»,
2274 3578 2483 3636 Boeotos‚
2507 3577 2785 3640 multosque
2810 3579 2947 3630 alios.
3047 3583 3148 3645 (17)
3173 3585 3391 3645 Quodam

1834 3668 2073 3726 tempore,
2111 3677 2262 3726 quum
2291 3664 2561 3726 exagitatus
2583 3664 2632 3715 in
2660 3666 2917 3728 concione,
2950 3674 3153 3722 moestus
3190 3672 3390 3725 domum

1826 3750 2006 3812 abiret,
2034 3754 2280 3801 Eunomus
2314 3752 2356 3801 ei
2389 3752 2634 3804 Thriasius
2663 3755 2873 3804 occurrit
2902 3755 3003 3818 jam
3034 3770 3179 3809 senex
3197 3796 3215 3823 ,
3244 3763 3393 3828 atque

1826 3839 2107 3889 cohortatus
2140 3841 2214 3889 est
2228 3856 2243 3900 ς
2267 3841 2475 3890 maxime
2501 3848 2662 3892 autem
2694 3844 3005 3895 confirmatus
3030 3851 3107 3896 est
3126 3846 3189 3896 ab
3208 3847 3391 3901 Andro·

1826 3928 1935 3978 nico
1957 3927 2185 3978 histrione
2198 3963 2213 3988 ,
2233 3926 2423 3978 dicente
2439 3932 2699 3980 orationes
2728 3933 2891 3993 ipsius
2912 3932 3037 3983 bene
3061 3934 3269 3998 habere,
3298 3938 3395 3991 sed

1826 4020 2082 4068 accionem
2114 4019 2178 4068 iis
2214 4016 2413 4073 dces-5&
2440 4021 2490 4067 et
2527 4018 2864 4069 recordabatur
2898 4022 2979 4071 ille
3008 4036 3172 4073 eorum
3196 4039 3309 4088 quaa
3339 4027 3391 4078 ιιι

1826 4106 2060 4156 concione
2091 4105 2154 4155 ab
2184 4105 2291 4169 ipso
2322 4109 2459 4155 erant
2499 4105 2642 4156 dicta.
2708 4110 2866 4166 Quare
2901 4111 3248 4163 Demosthenes
3284 4114 3392 4167 fidit

1827 4195 1876 4242 et
1912 4193 2155 4243 commisit
2181 4205 2235 4242 se
2257 4192 2545 4243 Andronico.
2611 4194 2711 4255 (18)
2735 4198 2903 4257 ltaque
2923 4196 3242 4261 interrogatus
3273 4202 3391 4265 quid

1826 4281 2062 4343 primum,
2082 4280 2197 4343 quid
2221 4279 2515 4339 secundum,
2546 4281 2664 4344 quid
2686 4283 2883 4332 tertium
2911 4284 2960 4333 in
2992 4292 3096 4335 arte
3127 4293 3256 4337 esset
3286 4303 3389 4340 ora·

1827 4360 1948 4409 toria
1961 4394 1976 4420 ‚
1992 4359 2192 4410 subinde
2208 4362 2284 4409 ter
2301 4358 2573 4423 respondit,
2590 4364 2750 4412 Actio.
2818 4364 2914 4425 (19)
2931 4366 3115 4415 Rursus
3134 4368 3183 4415 in
3202 4369 3388 4420 concio·

1825 4460 1913 4497 nae
1948 4460 2253 4509 progressus,
2278 4461 2428 4509 quum
2464 4460 2587 4498 nove
2622 4450 2847 4510 quiedam
2885 4449 3092 4514 diceret,
3117 4456 3391 4517 exagitatus

1826 4539 1926 4595 est,
1953 4538 2007 4583 ut
2036 4534 2177 4583 etiam
2210 4533 2380 4583 comici
2400 4534 2693 4597 Antiphanes
2720 4538 2770 4585 et
2791 4537 3028 4589 Timocles
3055 4553 3166 4590 eum
3194 4556 3390 4596 vexave-

1828 4623 1958 4671 rint:

1933 4777 2027 4821 Vos
2042 4778 2175 4833 suro,
2202 4779 2342 4831 terra,
2368 4776 2538 4832 fontes,
2559 4777 2740 4833 latices,
2765 4778 2990 4824 flumina:

1828 4912 1938 4947 nam
1962 4912 2113 4961 quum
2144 4899 2232 4948 hoc
2260 4900 2402 4949 modo
2429 4901 2555 4963 apud
2578 4901 2809 4964 populum
2827 4902 3060 4964 jurasset,
3086 4907 3293 4956 tumultu
3313 4911 3384 4957 est

1829 4992 2074 5050 exceptus.
2144 4989 2242 5049 (20)
2271 4988 2397 5045 Quin
2421 4992 2468 5038 et
2494 4989 2764 5050 Asclepium
2801 4991 2864 5052 (is
2885 4993 3184 5053 AEsculapius
3206 4994 3384 5044 Latinis

1829 5074 1929 5136 est)
1947 5074 2153 5138 juravit,
2177 5081 2340 5125 contra
2358 5089 2538 5127 morem
2557 5084 2694 5127 acuta
2714 5078 2895 5141 syllaba
2911 5080 3040 5143 sele,
3059 5080 3314 5144 docuitque
3331 5091 3382 5131 se
