3709 5609
368 264 507 315 1392

358 374 489 444 εἶναι
519 381 870 459 συμὸέὸηκεν,
899 372 971 440 ῶν
1001 381 1095 452 τὴν
1126 378 1407 456 ἀναλογίαν
1430 379 1683 457 δείξομεν.
1771 382 1834 458 (ιι)
1861 383 1924 440 Ἥ

361 474 455 550 μὲν
485 468 587 551 γὰρ
612 470 697 529 διὰ
724 474 909 528 πασῶν
941 472 994 527 ἐν
1012 466 1450 550 διπλασίονιλόγω
1464 473 1748 549 θεωρεῖται·
1771 470 1926 539 ποιή-

363 586 440 620 σει
473 563 501 617 6
504 559 734 624 ἐἰκόνος
772 558 928 639 χάριν
956 558 1041 615 τὸν
1072 556 1346 615 διπλάσιον
1373 556 1526 665 λόγον
1555 559 1673 615 κατ’
1709 554 1929 666 ἀριθμὸν

361 651 426 707 τὰ
456 648 507 715 ἓξ
531 650 619 707 καὶ
648 645 713 705 τὰ
745 647 962 704 δώδεκα·
1009 645 1120 704 ἔστι
1148 646 1203 702 δὲ
1240 667 1392 703 τουτο
1413 644 1474 703 ·r6
1514 643 1781 722 διάστημα
1819 646 1926 702 ἀπὸ

311 759 335 796 ⁵
364 737 566 807 ὑπάτης
596 736 769 812 μέσων
808 733 897 793 ἐπὶ
932 733 1094 806 νήτην
1133 730 1521 810 διεζευγμένων.
1614 730 1819 793 Ὄντων
1843 722 1930 789 ουν

362 830 465 882 τῶν
486 825 538 892 ἓξ
567 824 657 882 καὶ
688 819 950 880 δώδεκα“’
915 845 1107 903 ακρων
1137 819 1245 901 ἔγει
1274 826 1308 892 ἡ
1335 818 1471 898 μέν’
1452 820 1626 892 υπάτη
1645 819 1820 897 μέσων
1843 818 1932 877 τὸν

365 938 465 973 των
502 912 555 981 ἓξ
586 911 821 992 ἀριθμὸν,
849 915 884 983 ἡ
918 909 971 969 δὲ
1014 910 1144 983 νήτη
1174 908 1545 1021 διεζευγμένων
1588 908 1680 968 τὸν
1701 933 1805 968 των
1834 907 1933 967 δώ-

364 1006 508 1061 δεκα.
592 1003 654 1078 (7)
698 999 897 1061 Λαὸεῖν
937 998 1000 1071 δὴ
1038 997 1220 1057 λοιπὸν
1265 997 1371 1076 γρὴ
1416 998 1545 1079 πρὸς
1579 996 1779 1065 τούτοις
1813 999 1933 1079 ἀρι-

365 1089 523 1167 θμους
548 1086 663 1154 τοὺς
689 1085 881 1165 μεταξὺ
910 1086 1227 1157 πίπτοντας,
1250 1090 1323 1144 ὧν
1347 1088 1396 1144 οἱ
1425 1085 1601 1165 ἄκροι,
1631 1090 1658 1144 6
1682 1084 1776 1163 μὲν
1814 1084 1933 1143 ἐπί-

293 1210 337 1244 ω
365 1199 561 1257 τριτος,
584 1181 610 1235 6
639 1176 693 1235 δὲ
723 1176 958 1255 ἡμιόλοις
984 1174 1292 1257 φανήσεται·
1322 1175 1424 1232 εἶσὶ
1454 1172 1509 1232 δὲ
1532 1178 1559 1231 6
1576 1177 1679 1232 τῶν
1693 1171 1936 1233 ὀκτὼκαι

365 1269 518 1324 τῶν’
495 1263 658 1324 εννέα·
689 1268 793 1323 τῶν
818 1261 917 1346 γὰρ
949 1261 1004 1332 ἓξ
1026 1262 1093 1322 τὰ
1135 1260 1229 1341 μὲν
1274 1261 1436 1335 ὁκτω,
1466 1262 1735 1341 ἐπίτριτα,
1776 1259 1843 1318 τὰ
1890 1261 1934 1318 δ’

367 1350 541 1424 ἐννέα,
566 1351 730 1430 ἡμιό)
734 1376 805 1413 ια
892 1354 957 1430 (8)
989 1351 1069 1411 T6
1110 1351 1175 1426 μὲ
1180 1376 1206 1409 ν
1231 1349 1284 1409 ἓν
1327 1350 1505 1431 ἄκρον,
1541 1356 1759 1409 τοιοῦτο·
1797 1349 1858 1407 τὸ
1890 1349 1935 1406 δ’

367 1441 497 1499 ἄλλο
525 1439 584 1500 τὸ
611 1446 715 1501 τῶν
745 1442 980 1512 δωδεκα,
1008 1443 1112 1498 τῶν
1141 1438 1259 1550 μὲν
1274 1437 1422 1496 ἐννέα
1448 1436 1716 1519 ἐπίτριτα,
1747 1441 1851 1495 τῶν
1891 1436 1936 1494 δ’

366 1526 505 1589 ὀκτὼ
541 1529 779 1605 ἡμιόλια.
865 1531 907 1604 (9
884 1533 925 1607 9)
956 1525 1172 1588 Ἰούτων
1199 1518 1287 1585 ουν
1323 1531 1426 1586 τῶν
1456 1530 1688 1607 ἀριθμῶν
1716 1524 1935 1584 ὄντων*

296 1644 342 1682 ιι,
370 1615 563 1695 μεταξυ
594 1620 699 1675 τῶν
722 1615 777 1685 ἓξ
821 1617 914 1675 καὶ
940 1619 1044 1674 τῶν
1082 1613 1313 1688 δώδεκα,
1350 1639 1441 1674 και
1485 1639 1574 1673 του
1618 1614 1704 1672 διὰ
1753 1616 1936 1672 πασῶν

370 1704 726 1783 διαστήματος
764 1707 821 1762 ἐκ
855 1726 946 1763 του
975 1701 1062 1761 διὰ
1089 1703 1351 1784 τεττάρων
1396 1701 1487 1762 καὶ
1534 1727 1626 1761 του
1656 1700 1743 1759 διὰ
1779 1698 1939 1760 πέντε

370 1799 714 1865 συνεστῶτος,
750 1794 905 1865 δῆλον
934 1789 1015 1850 ὅτι
1042 1788 1143 1860 ἕξει
1172 1795 1206 1863 ἡ
1238 1790 1332 1869 μὲν
1362 1790 1497 1870 μέση
1532 1789 1620 1849 τὸν
1659 1794 1764 1849 τῶν
1800 1788 1939 1849 ὀκτὼ

372 1882 610 1964 ἀριθμὸν,
646 1887 680 1954 ἡ
710 1879 766 1940 δὲ
806 1878 1093 1962 παραμέση
1126 1880 1213 1939 τὸν
1249 1883 1355 1939 τῶν
1403 1878 1569 1939 ἐννέα.
1602 1881 1689 1957 (ιο)
1735 1876 1939 1966 Τούτοὶ)

368 1970 668 2050 γενομένου,
686 1968 787 2039 ἕξει
810 1974 844 2042 ἡ
861 1968 1035 2040 ὑπάτη
1058 1968 1186 2049 πρὸς
1209 1967 1396 2046 μέσην,
1421 1970 1489 2034 ὡς
1503 1966 1789 2049 παραμέση
1813 1966 1940 2047 πρὸς

292 2084 342 2120 ·ιυ
369 2060 529 2132 νήτην
550 2057 937 2137 διεζευγμένων·
969 2057 1072 2116 ἀπὸ
1093 2056 1195 2138 γὰρ
1230 2058 1376 2137 (παρ)
1412 2055 1612 2128 ὑπάτης
1640 2053 1815 2135 μέσων
1852 2055 1940 2114 διὰ

367 2149 629 2229 τεττάρων
658 2148 745 2207 ἐπὶ
774 2146 956 2227 μέσην·
988 2146 1093 2206 ἀπὸ
1119 2148 1175 2205 δὲ
1202 2144 1516 2228 παραμέσης
1537 2143 1624 2203 ἐπὶ
1647 2144 1814 2216 νήτην
1844 2145 1941 2202 διε-

370 2237 681 2317 ζευγμένων,
708 2235 794 2295 διὰ
817 2240 1025 2296 πασῶν.
1113 2237 1202 2314 (ιι)
1230 2233 1298 2295 Ἦ
1330 2233 1462 2306 αὑτὴ
1499 2233 1544 2292 δ’
1572 2231 1823 2308 ἀναλογία
1847 2256 1938 2291 και

370 2327 457 2384 ἐπὶ
479 2331 581 2386 τῶν
603 2328 838 2407 ἀριθμῶν
866 2324 1176 2406 εὑρίσκεται·
1212 2326 1282 2390 ὡς
1301 2319 1404 2403 γὰρ
1433 2320 1542 2401 ἔχει
1570 2319 1636 2378 τὰ
1656 2319 1709 2389 ἓξ
1728 2320 1854 2402 πρὸς
1873 2320 1940 2379 τὰ

368 2414 533 2487 ὀκτὼ,
564 2413 701 2474 οὕτω
726 2413 795 2472 τὰ
813 2411 960 2472 ἐννέα
997 2412 1125 2495 πρὸς
1150 2410 1219 2472 τὰ
1249 2409 1469 2470 δώδεκα·
1501 2410 1592 2470 καὶ
1627 2413 1697 2477 ὡς
1738 2408 1940 2490 ἔχειτὰ

292 2521 341 2559 25
370 2502 422 2572 ἒς
449 2502 578 2585 πρὸς
604 2501 672 2561 τὰ
699 2501 872 2575 ἐννέα,
901 2500 1037 2560 οὕτω
1064 2499 1130 2559 τὰ
1159 2497 1297 2559 ὀκτὼ
1322 2497 1450 2577 πρὸς
1476 2498 1544 2556 τὰ
1576 2498 1796 2557 δώδεκα·
1818 2496 1941 2556 ἐπί-

368 2617 518 2674 τριτα
543 2588 646 2674 γὰρ
686 2591 754 2650 τὰ
784 2591 880 2669 μὲν
919 2588 1058 2650 ὀκτὼ
1106 2592 1210 2647 τῶν
1243 2587 1328 2666 ἒξ,
1356 2586 1425 2647 τὰ
1470 2586 1524 2645 δὲ
1573 2587 1778 2646 δώδεκα
1833 2590 1937 2644 τῶν

370 2680 532 2741 ἐννέα·
557 2679 774 2758 ἡμιόλια
804 2678 948 2738 δὲτὰ
977 2677 1073 2757 μὲν
1102 2676 1248 2736 ἐννέα
1286 2680 1391 2735 τῶν
1434 2673 1520 2747 ἓξ,
1547 2673 1616 2733 τὰ
1646 2674 1700 2734 δὲ
1738 2672 1938 2733 δώδεκα

370 2774 470 2830 τῶν
499 2768 654 2831 ὀκτώ.
738 2766 889 2849 ’έΑρκ
892 2791 971 2826 σει
997 2766 1065 2826 τὰ
1090 2763 1337 2846 εἰρημένα
1368 2768 1440 2831 εἷς
1468 2764 1526 2821 τὸ
1554 2762 1934 2843 ἐπιδεδειχέναι

367 2859 431 2931 ἢν
462 2848 571 2937 εἶχε
591 2855 712 2938 περὶ
733 2854 800 2914 τὰ
824 2856 1117 2934 μαθήματα
1135 2853 1366 2925 σπουδὴν
1388 2852 1478 2911 καὶ
1500 2849 1775 2933 ἐμπειρίαν
1791 2850 1939 2910 Πλά·

291 2970 341 3009 30
369 2970 490 3007 των.

454 3038 666 3099 XXlll.
712 3034 837 3095 ‘'Ort
861 3032 915 3093 δὲ
942 3031 1107 3111 σεμνὴ
1137 3036 1171 3103 ἡ
1220 3028 1446 3113 ἁρμονία
1475 3052 1566 3087 και
1605 3028 1737 3087 θεῖόν
1767 3052 1817 3086 τι
1848 3050 1939 3086 και

374 3152 440 3204 με
426 3126 537 3206 ’,γα
568 3124 926 3206 Ἀριστοτέλης
956 3127 983 3181 6
1011 3120 1300 3188 Πλάτωνος
1326 3142 1478 3178 ταυτι
1515 3115 1577 3176 λέ
1552 3142 1675 3197 ε·γει
1709 3145 1734 3169 ι
1771 3116 1840 3176 Ἡ
1885 3115 1938 3174 δὲ

371 3215 595 3294 ἁρμονία
617 3213 754 3273 ἐστιν
784 3211 1030 3293 οὐρανία,
1049 3208 1145 3283 τὴν
1164 3207 1317 3292 φύσιν
1344 3206 1539 3288 ἔχουσα
1564 3205 1705 3265 θείαν
1727 3203 1819 3264 καὶ
1840 3227 1939 3262 κα-

371 3305 468 3375 λὴν
482 3302 575 3364 καὶ
601 3300 891 3380 δαιμονίαν·
914 3297 1236 3381 τετραμερὴς
1262 3295 1389 3377 δὲτῇ
1410 3294 1628 3372 δυνάμει
1646 3297 1936 3375 πεφυκυῖα,

292 3412 341 3450 ab
370 3396 460 3454 δύο
502 3389 795 3471 μεσότητας
840 3387 967 3467 ἔχει,
997 3384 1347 3468 ἀριθμητικήν
1389 3408 1449 3442 τε
1496 3408 1586 3443 και
1631 3381 1935 3464 ἇρμονικήν

368 3479 607 3563 φαίνεταί
627 3503 683 3538 τε
712 3476 782 3538 τὰ
808 3476 941 3558 μέρη
967 3478 1156 3547 αὐτῆς,
1186 3474 1277 3533 καὶ
1299 3472 1365 3532 τὰ
1382 3472 1574 3551 μεγέθη
1594 3471 1686 3529 καὶ
1712 3474 1767 3530 αἱ
1789 3475 1939 3553 ὑπερ·

368 3573 521 3652 οχαι,
547 3568 664 3629 κατ’
692 3566 910 3648 ἀριθμὸν
930 3564 1021 3625 καὶ
1050 3562 1369 3644 ἰσομετρίαν·
1401 3564 1452 3619 ἐν
1482 3559 1583 3641 γὰρ
1605 3559 1721 3620 δυσι
1753 3583 1938 3641 τετρα-

366 3662 570 3742 γόρδοις
592 3657 891 3739 ῥυθμίζεται
916 3654 985 3714 τὰ
1012 3652 1225 3732 μέλη.
1252 3655 1313 3728 (2)
1347 3654 1533 3710 Ταῦτα
1572 3648 1665 3726 μὲν
1689 3647 1757 3707 τὰ
1784 3648 1934 3731 ῥητά.

367 3746 695 3810 ,Συνεστάναι
726 3746 776 3803 δ’
804 3745 962 3815 αὖτης
985 3741 1047 3801 τὸ
1075 3744 1231 3819 σῶμα
1274 3739 1450 3817 ἔλεγεν
1502 3741 1561 3796 ἐκ
1591 3740 1763 3818 μερῶν
1811 3739 1937 3794 ἀνο-

292 3861 344 3900 ⁴0
370 3836 551 3915 μοίων,
582 3830 997 3914 συμφωνούντων
1034 3825 1208 3907 μέντοι
1250 3824 1383 3908 πρὸς
1409 3825 1634 3896 ἄλληλα·
1664 3822 1801 3883 ἀλλὰ
1833 3824 1937 3903 μὴν

368 3949 460 3984 και
486 3923 580 3992 τὰς
605 3921 898 4002 μεσότητας
926 3922 1085 3989 αὐτῆς
1126 3912 1263 3975 κατὰ
1290 3914 1378 3973 τὸν
1410 3912 1749 3996 ἀριθμητικὸν
1785 3912 1903 3991 λόγ
1891 3939 1938 3973 ν

370 4020 682 4095 συμφωνεῖν·
710 4010 797 4070 τὸν
823 4007 925 4088 γὰρ
946 4006 1128 4066 νέατον
1155 4003 1284 4084 πρὸς
1310 4001 1399 4062 τὸν
1428 4001 1626 4060 ὕπατον
1655 4004 1714 4060 ἐκ
1738 4002 1934 4059 διπλα-

373 4102 486 4161 σίου
513 4099 671 4180 λόγου
690 4094 1037 4207 ἡρμοσμενον,
1052 4093 1146 4166 την
1173 4090 1258 4152 διὰ
1273 4094 1458 4150 πασῶν
1484 4089 1789 4173 συμφωνίαν
1811 4093 1939 4149 ἀπο-

369 4194 555 4252 τελεῖν.
643 4190 705 4268 (3)
750 4186 910 4265 Ἔχει
950 4181 1070 4264 γὰρ,
1118 4184 1187 4249 ὣς
1226 4178 1563 4292 προείπομεν,
1608 4177 1695 4237 τὸν
1760 4177 1939 4238 νέατον

293 4303 340 4339 ιι»
371 4280 572 4340 δώδεκα
602 4277 860 4358 μονάδων,
883 4273 970 4333 τὸν
1000 4270 1110 4331 δὲ”
1082 4295 1279 4330 υπατον
1307 4267 1378 4338 ἕξ·
1411 4269 1506 4339 τὴν
1537 4267 1592 4327 δὲ
1618 4266 1936 4347 παραμέσην

369 4373 750 4446 συμφωνοῦσαν
774 4362 903 4445 πρὸς
930 4360 1137 4432 ὑπάτην
1164 4357 1279 4417 καθ’
1309 4357 1546 4435 ἡμιόλιον
1582 4354 1753 4433 λόγον,
1789 4353 1937 4413 ἐννέα

369 4458 624 4536 μονάδων·
648 4478 743 4525 της
770 4451 824 4510 δὲ
851 4449 1019 4528 μέσης
1058 4445 1196 4509 ὀκτὼ
1234 4470 1365 4505 ειναι
1395 4445 1624 4523 μονάδας
1670 4441 1934 4523 ἐλέγομεν.

372 4551 413 4624 (4
418 4548 435 4623 )
472 4544 791 4622 Συγκεισθαι
819 4538 874 4598 δὲ
894 4537 981 4598 διὰ
1009 4536 1205 4597 τούτων
1242 4541 1333 4609 τῆς
1363 4539 1618 4612 μουσικῆς
1652 4532 1717 4591 τὰ
1745 4533 1937 4612 κυριώ-

367 4658 502 4692 τατα
529 4630 866 4742 διαστήματα
894 4625 1190 4704 συμὸαίνει·
1220 4624 1279 4684 τό
1298 4648 1353 4681 τε
1373 4623 1459 4682 διὰ
1472 4621 1761 4702 τεσσάρων,
1780 4620 1851 4679 δ’
1828 4644 1938 4680 εστι

290 4755 342 4791 50
370 4721 507 4781 κατὰ
535 4721 622 4781 τὸν
649 4720 907 4801 ἐπίτριτον
929 4714 1101 4793 λόγον·
1125 4712 1295 4773 καὶτὸ
1320 4712 1406 4771 διὰ
1428 4710 1609 4783 πέντε,
1629 4709 1784 4768 ὅέστι
1800 4709 1938 4768 κατα

366 4810 453 4869 τὸν
484 4810 768 4887 ἡμιόλιον
752 4805 920 4886 Λόγον·
950 4804 1041 4862 καὶ
1067 4805 1125 4863 τὸ
1144 4801 1231 4862 διὰ
1266 4807 1469 4873 πασῶν,
1498 4799 1569 4858 δ’
1547 4822 1657 4857 εστι
1689 4797 1828 4856 κατὰ
1849 4798 1936 4855 τὸν

371 4898 661 4957 διπλάσιον·
688 4895 826 4955 ἀλλὰ
847 4894 947 4975 γὰρ
971 4891 1064 4953 καὶ
1085 4891 1171 4951 τὸν
1189 4889 1434 4971 ἐπόγδοον
1461 4887 1734 4957 σώζεσθαι,
1754 4885 1807 4952 ὅς
1827 4888 1937 4944 ἐστι

369 4986 504 5046 κατὰ
525 4986 612 5045 τὸν
636 4983 1039 5061 τονιαῖονὶόγον·
1061 4982 1174 5049 ταῖς
1193 4981 1377 5046 αὑταῖς
1407 4979 1450 5037 δ’
1478 4979 1757 5057 ὑπεροχαῖς
1776 4978 1936 5056 ὑπερ-

376 5075 511 5154 έχειν
541 5099 630 5133 και
659 5074 1001 5153 ὑπερέχεσθαι
1032 5095 1123 5141 της
1157 5067 1406 5150 ἁρμονίας
1439 5063 1506 5125 τὰ
1548 5063 1681 5146 μέρη
1708 5063 1807 5122 ὑπὸ
1832 5067 1935 5121 τῶν

1639 250 1820 308 ΠΕΡΙ
1866 249 2286 311 ΜΟΥΣΙΚΗΣ.

2883 2 3019 22 ‘rw-0⁴*
3040 2 3082 14 ···
3104 2 3251 28 *rr-ow
3405 2 3526 24 ‘a‘-

2866 29 2920 39 ··
2968 52 2979 60 ..
3032 41 3051 60 0
3110 25 3163 67 εξ·
3222 2 3433 67 vm,
3477 35 3489 66 ι

2916 97 2926 112 ι
2949 67 2959 83 .
3017 90 3023 94 “
3076 99 3084 108 ι
3128 73 3161 107 *⁸
3186 77 3209 112 ³.
3248 59 3340 110 ’.ζ’
3366 85 3376 94 “
3435 85 3442 92 “

2935 120 2947 130 Q
3128 125 3139 135 ·
3282 114 3343 142 ’···

2944 255 3100 331 (ιιεε,
3135 275 3184 314 ιι.
3221 275 3346 330 tras,
3373 269 3542 337 A-n.)

2018 394 2251 441 Octavam
2273 392 2549 452 nominant,
2573 393 2672 442 duo
2689 393 2826 444 iuter·
2834 395 3080 445 extremos
3096 397 3321 447 terminos
3339 401 3477 449 media
3489 415 3543 450 re-

2018 482 2160 544 εἰμὴ,
2178 497 2383 546 quorum
2398 484 2751 548 proportionem
2772 484 3100 536 ostendemus.
3138 487 3206 548 (6)
3228 490 3441 538 Extrema
3458 503 3544 539 con·

2018 572 2250 622 sonantiae
2273 572 2528 636 diapason
2542 572 2739 636 duplam
2756 575 2879 623 inter
2897 588 2952 624 se
2976 575 3207 628 tationem
3231 580 3414 628 tenent:
3430 585 3544 641 utque

2021 662 2112 712 hoc
2133 662 2393 727 intelligere
2410 663 2628 728 exemplo
2642 666 2829 728 possiti,
2854 667 3072 717 numeris
3103 681 3203 718 rem
3227 668 3546 730 explicabimus.

2023 757 2145 814 Ergo
2165 753 2315 815 major
2335 755 2616 805 extremitas
2635 755 2696 804 ad
2721 756 2953 805 minorem
2978 756 3045 805 ita
3063 769 3116 805 se
3131 755 3326 817 habeat,
3342 757 3548 807 utduode·

2021 840 2116 889 cim
2138 839 2201 889 ad
2220 853 2322 890 sex.
2393 843 2496 890 Hoc
2513 840 2819 892 intervallum
2837 842 2899 892 ab
2920 855 3113 892 summa
3125 842 3383 892 mediarum
3403 844 3551 892 chorda

2023 929 2294 991 porrigatur
2334 943 2492 993 usque
2512 928 2748 980 adimam
2768 929 3151 993 disjunctarum,
3187 932 3277 981 hoc
3305 934 3376 982 ast
3407 936 3550 981 netum

2023 1014 2444 1079 diezeugmenon,
2470 1018 2538 1067 ita
2558 1021 2814 1067 utsumma
2835 1018 3104 1068 mediarum
3124 1018 3294 1069 habeat
3324 1019 3551 1076 senarium,

2023 1100 2365 1152 duodenarium
2379 1116 2633 1152 numerum
2644 1103 2740 1153 ima
2752 1104 3119 1167 disjunctarum.
3145 1106 3214 1169 (7)
3228 1106 3487 1164 Quaerendi
3473 1122 3551 1170 gam

2024 1194 2136 1239 sunt
2155 1189 2252 1240 duo
2273 1190 2461 1240 numeri
2489 1190 2538 1240 in
2567 1190 2781 1241 medium
2813 1191 3094 1253 incidentes,
3117 1192 3180 1243 ad
3205 1207 3326 1256 quos
3355 1198 3547 1244 extremo

2026 1288 2131 1322 rum
2152 1276 2305 1337 maior
2327 1276 2387 1325 ad
2403 1276 2495 1327 sihi
2524 1277 2798 1340 proximum
2812 1278 3173 1343 sesquitertius,
3195 1280 3255 1330 ad
3274 1280 3492 1343 reliquum
3506 1283 3554 1328 sit

2025 1362 2294 1427 sesquiplus
2303 1364 2406 1415 sive
2416 1366 2719 1429 sesquialter:
2731 1381 2763 1416 ιι
2771 1380 2959 1417 numen
2969 1370 3202 1418 suntocto
3211 1375 3259 1418 et
3272 1382 3450 1417 novem.
3459 1371 3552 1417 Nam

2025 1462 2110 1499 sex
2132 1450 2280 1501 semel
2291 1452 2520 1516 ,ej-usque
2542 1458 2771 1517 praeterea
2791 1454 2968 1516 trienS,
2991 1453 3040 1504 ln
3058 1458 3170 1504 octo
3191 1454 3499 1515 continentur;
3520 1456 3553 1503 in

2026 1550 2199 1587 novem
2217 1540 2366 1590 semel
2379 1554 2491 1590 cum
2513 1541 2729 1591 semisse.
2752 1541 2820 1604 (8)
2838 1542 2917 1592 Sic
2933 1555 3058 1591 unus
3080 1548 3422 1603 extremorum;
3444 1544 3554 1601 alter,

2026 1624 2277 1675 duodecim
2302 1631 2446 1690 puta,
2468 1641 2643 1679 novem
2666 1641 2752 1692 pro
2768 1627 3024 1689 dodrante,
3041 1631 3251 1691 octopro
3268 1626 3402 1677 hesse
3427 1627 3554 1678 habet

2028 1712 2095 1775 (9)
2110 1716 2235 1776 Ergo
2259 1712 2556 1765 hisnumens
2565 1714 2692 1765 mter
2709 1719 2853 1764 sexet
2870 1712 3416 1777 duodeciminterjectis,
3433 1728 3553 1778 quum

2027 1798 2280 1862 diapason
2302 1803 2490 1851 constet
2510 1814 2572 1852 ex
2582 1801 2845 1850 intervallis
2863 1800 3221 1863 diatessaron,
3242 1801 3374 1851 idest
3392 1805 3555 1862 Quana,

2025 1898 2081 1933 ac
2105 1886 2373 1949 diapente,
2390 1886 2439 1936 id
2458 1892 2531 1938 est
2545 1888 2753 1949 Quinta,
2762 1886 3026 1938 distantiis·
3012 1887 3195 1951 ,liquet
3218 1887 3384 1937 mediae
3401 1887 3558 1936 chordae

2027 1983 2281 2020 numerum
2298 1976 2438 2033 octo,
2471 1972 2514 2020 ei
2549 1972 2782 2035 proximae
2804 1985 2891 2022 seu
2906 1984 3206 2035 parmae-sce
3224 1985 3392 2021 novem
3407 1972 3556 2021 deberi.

2030 2053 2127 2114 (ιο)
2147 2055 2256 2109 Quo
2268 2052 2424 2111 sacto,
2444 2053 2533 2101 erit
2546 2066 2604 2102 ea
2618 2054 2739 2103 ratio
2752 2053 2964 2116 hypatoe
2982 2066 3068 2102 seu
3085 2053 3356 2103 summaead
3368 2053 3557 2111 mediam,

2027 2148 2136 2195 quae
2155 2148 2451 2196 parante-sa:
2473 2138 2576 2184 erat
2614 2135 2840 2184 adimam
2872 2148 2957 2185 seu
2988 2139 3165 2185 netam
3191 2133 3557 2194 disjunctarum:

2026 2227 2137 2263 nam
2151 2215 2213 2265 ab
2234 2214 2436 2279 hypata
2463 2216 2731 2266 mediarum
2749 2219 2843 2267 erit
2865 2218 3193 2269 diatessaron
3219 2219 3278 2269 ad
3302 2220 3514 2275 medicum
3534 2234 3557 2266 a

2024 2309 2303 2357 paranwsa
2341 2296 2401 2346 ad
2427 2301 2607 2349 netam
2641 2297 3055 2361 diezeuqmendm
3085 2300 3342 2364 diapason
3369 2299 3559 2365 [³²].(11)

2029 2379 2302 2443 Eademque
2316 2380 2557 2430 invenitur
2575 2394 2884 2431 numerorum
2904 2383 3177 2445 proportio:
3193 2382 3360 2433 eadem
3381 2382 3492 2431 enim
3506 2385 3559 2428 εει

2027 2475 2113 2511 sex
2134 2462 2195 2511 ad
2215 2467 2358 2524 octo,
2384 2477 2495 2526 quai
2525 2477 2702 2513 novem
2722 2462 2783 2512 ad
2819 2463 3071 2513 duodecim
3099 2465 3249 2525 ratio;
3271 2470 3318 2514 et
3342 2471 3394 2514 ut
3423 2477 3494 2513 sex
3515 2463 3558 2510 ad

2027 2562 2201 2598 novem
2221 2552 2335 2598 suut
2355 2549 2553 2609 affecta,
2576 2549 2643 2598 ita
2656 2553 2763 2598 octo
2782 2548 2842 2598 ad
2862 2548 3136 2600 duodecim.
3169 2553 3289 2601 Nam
3308 2557 3413 2600 octo
3429 2548 3479 2598 ad
3494 2562 3557 2596 sex

2027 2633 2381 2696 sesquitertiam
2406 2632 2583 2681 liabent
2600 2632 2861 2692 rationem,
2876 2634 2926 2682 et
2946 2633 3201 2684 duodecim
3224 2633 3285 2684 ad
3319 2647 3501 2690 novem3
3524 2641 3560 2678 ει

2028 2732 2218 2768 rursum
2246 2718 2636 2779 sesquialteram,
2672 2719 2728 2767 ut
2748 2731 2920 2767 novem
2952 2717 3011 2766 ad
3036 2730 3150 2778 sex,
3174 2718 3241 2769 ita
3261 2717 3495 2768 duodecim
3514 2717 3558 2764 a}

2027 2806 2153 2851 octo.
2219 2804 2447 2851 Ceterum
2469 2800 2576 2849 haec
2593 2799 2836 2849 sufficient
2856 2798 2917 2849 ad
2940 2798 3368 2849 demonstrandum
3385 2809 3558 2862 ,qnam

2029 2884 2236 2934 fueritin
2265 2883 2410 2932 rebus
2433 2881 2782 2933 mathematicis
2804 2880 3037 2932 industria
3067 2885 3213 2945 atque
3242 2882 3408 2945 peritia
3431 2894 3555 2931 vem-

2050 2982 2107 3016 us
2164 2968 2209 3016 la

2029 2973 2048 3018 ι
2088 2970 2280 3097 igniti).
2296 3049 2446 3096 Porro
2467 3046 2630 3094 nutem
2653 3044 2783 3108 quod
2806 3044 3055 3093 harmonia
3089 3057 3168 3094 res
3197 3046 3261 3094 sit
3289 3044 3465 3103 divina,
3498 3057 3560 3091 vr·

2028 3144 2267 3205 uerenda,
2292 3157 2490 3207 magna,
2517 3143 2794 3194 Aristoteles
2811 3142 3022 3192 Platonis
3053 3141 3318 3206 discipulus
3342 3143 3412 3192 his
3430 3142 3561 3192 verbi*

2026 3235 2368 3286 confirmavit·
2395 3238 2674 3287 Enimvero
2693 3235 2969 3285 harmonia
2988 3247 3074 3284 res
3091 3237 3171 3285 est
3191 3234 3438 3294 coelestis,
3454 3234 3558 3294 ejus-

2028 3348 2125 3399 que
2149 3338 2349 3388 natura
2370 3335 2553 3387 divina
2575 3338 2736 3400 atque
2747 3333 2991 3398 pulchra.
3022 3337 3195 3390 Quum
3213 3336 3388 3384 autem
3405 3336 3468 3381 sit
3487 3332 3560 3394 sc·

2026 3434 2224 3484 calcate
2244 3431 2657 3498 quadripartita,
2686 3431 2818 3482 duas
2831 3430 2988 3481 habet
2999 3428 3331 3490 medietates,
3346 3428 3560 3480 Arithmr·

2031 3536 2187 3582 licam
2207 3534 2260 3583 et
2293 3533 2713 3582 Har-manicam:
2745 3531 3070 3593 apparetque
3102 3530 3283 3591 partes
3314 3527 3447 3589 ejus,
3476 3537 3559 3573 ma-

2026 3631 2341 3694 qniladtnes,
2355 3634 2406 3682 et
2419 3632 2724 3683 eminentias
2735 3641 2948 3679 numero
2961 3631 3233 3678 etmensur
3232 3641 3280 3677 ιε
3294 3624 3561 3691 ‹equalitale

2026 3732 2282 3780 constare.
2347 3732 2484 3780 Nam
2503 3730 2562 3778 tn
2582 3728 2779 3778 duobus
2793 3723 3196 3791 quadrichordis
3209 3724 3558 3774 cantilenoesua

2029 3821 2376 3873 modulatione
2402 3822 2799 3873 concinnantur.
2865 3817 2934 3881 (2)
2970 3820 3129 3880 Atque
3155 3817 3260 3866 haec
3295 3820 3403 3866 sunt
3430 3812 3560 3863 verbis

2027 3924 2130 3985 ejus
2149 3935 2388 3986 expressa.
2450 3923 2638 3982 Corpus
2647 3932 2789 3982 porro
2803 3916 2907 3979 ejus
2924 3921 3143 3966 constare
3159 3915 3280 3964 dixit
3296 3928 3354 3963 ει
3374 3912 3559 3977 partibus

2027 4019 2372 4078 dissimilibus»,
2393 4016 2478 4068 sed
2491 4029 2602 4080 quae
2619 4014 2744 4065 inter
2760 4027 2813 4064 se
2830 4018 3133 4063 consonent:
3158 4012 3279 4075 quin
3307 4015 3355 4061 et
3372 4008 3559 4057 medieta-

2027 4121 2100 4167 tes
2121 4130 2286 4166 earum
2323 4113 2631 4166 Arithmetica
2657 4112 2962 4176 proportione
3001 4110 3286 4160 consentire.
3348 4111 3461 4158 Nam
3482 4104 3554 4152 ima

2026 4214 2204 4264 chorda
2226 4213 2287 4263 ad
2307 4226 2544 4262 summam
2565 4210 2870 4274 proportione
2888 4208 3038 4272 dupla
3050 4212 3273 4267 coeunte,
3290 4203 3448 4255 confici
3468 4201 3553 4251 dia

2023 4325 2186 4376 pason
2209 4311 2593 4370 consonantian1;
2618 4309 2683 4372 (3)
2702 4320 2880 4371 quum,
2907 4311 2961 4355 ut
2983 4306 3227 4365 diximus,
3261 4304 3450 4367 hypata
3472 4311 3553 4354 sex,

2028 4408 2150 4454 neta
2184 4402 2434 4452 duodecim
2459 4412 2657 4450 numero
2687 4402 3041 4462 comparetur:
3062 4407 3341 4460 paramcsa
3364 4388 3553 4455 sesquial-

2025 4503 2126 4549 tera
2136 4497 2442 4562 proportione
2457 4496 2670 4559 hypatae
2686 4491 2964 4557 respondet,
2973 4493 3114 4554 eique
3127 4503 3300 4540 novem
3309 4497 3552 4550 congruet..

2028 4594 2196 4644 mediae
2216 4599 2324 4644 octo
2348 4593 2578 4641 diximus.
2643 4590 2711 4654 (4)
2739 4593 2799 4639 At
2817 4588 2946 4639 enim
2973 4588 3222 4637 intervalla
3246 4585 3433 4636 musicae
3461 4594 3551 4645 prm·

2025 4694 2165 4756 ripua
2212 4693 2432 4741 constare
2468 4689 2544 4739 his
2575 4687 2841 4738 rationibus
2878 4690 3064 4735 certum
3103 4690 3225 4733 est:
3260 4682 3549 4733 diatessaron

2026 4790 2353 4853 sesquitertia,
2380 4788 2624 4851 diapente
2649 4784 2980 4849 sesquialtera,
3019 4782 3273 4846 diapason
3301 4777 3438 4841 dupla
3471 4786 3551 4837 pro·

2027 4888 2274 4950 portione:
2297 4885 2484 4936 interim
2503 4885 2646 4935 etiam
2660 4880 2931 4933 conservari
2945 4880 3177 4929 rationem
3191 4875 3550 4940 sesquioctasam.

2026 4983 2182 5045 qualis
2204 4986 2276 5031 est
2299 4992 2473 5030 novem
2491 4979 2550 5028 ad
2571 4982 2699 5038 octo,
2723 4980 2774 5025 et
2791 4977 2984 5025 Tonum
3007 4971 3248 5035 exprimit.
3271 4972 3373 5019 ,ism
3394 4963 3438 5013 id
3458 4971 3550 5022 quo·

2026 5091 2120 5141 que
2142 5075 2341 5133 accidit,
2366 5077 2419 5122 ιιι
2443 5070 2716 5122 Harmoniae
2745 5073 2904 5133 partes
2928 5079 2958 5116 a
2975 5064 3196 5128 partibus
3226 5068 3274 5111 et
3297 5055 3548 5110 medietau

3683 320 3700 882 ἕ
