3709 5609
153 299 269 351 maji„
293 279 481 355 Ε-Ρζι

1357 279 1457 335 ΠΕ
1505 275 1745 335 Plutus]
1789 275 2126 335 Ftttffluti.

3198 295 3342 343 itm

152 423 245 503 γὰρ
270 421 372 504 ἀὴρ
398 420 802 498 ἀναπίμπλαται
829 417 1041 485 σκότους
1064 415 1164 475 ὑπὸ
1182 421 1278 496 γῆς
1292 463 1309 491 ,
1332 422 1401 487 ὡς
1425 418 1592 501 φωτὸς
1615 417 1699 497 ὑφ’
1791 423 2000 474 tenebris
2019 424 2246 488 impletur
2266 439 2295 474 a
2319 431 2470 488 terra,
2495 435 2546 476 ut
2569 428 2748 478 lumine
2763 442 2788 479 a
2805 429 2905 480 sole
2930 445 2942 479 ε
2969 435 3016 481 et
3036 444 3148 495 qum
3170 446 3269 484 non
3284 434 3346 484 n-

152 516 308 582 ἠλξου.
329 510 418 568 καὶ
439 507 500 567 τὸ
518 506 808 589 ἀφώτιστον
831 509 1018 578 αὐτοῦ,
1036 506 1200 579 μῆκός
1219 509 1328 566 ἐστι
1350 507 1557 582 νυκτὸς,
1579 506 1699 568 ὅσον
1781 511 2045 563 luminatur
2082 527 2191 575 pars
2222 514 2370 576 aeris,
2401 516 2557 565 noctis
2599 522 2673 566 est
2718 530 2775 566 ea
2818 519 3088 579 quantitas,
3120 528 3346 583 quantam

153 607 181 669 ἡ
206 596 322 658 σκιὰ
341 603 431 669 τῆς
456 601 551 674 γῆς
573 594 893 672 ἐπινέμεται.
982 606 1043 674 (ε)
1064 594 1160 657 Διὸ
1177 600 1253 678 τῷ
1272 594 1367 675 μὲν
1390 595 1535 664 ἐκτὸς
1555 595 1697 678 ἀέρι,
1739 651 1741 662 γ
1780 601 1952 650 umbra
1985 605 2125 650 terrae
2157 601 2356 652 obtinet.
2420 603 2488 666 (8)
2515 606 2683 667 ltaque
2706 606 2933 657 exteriore
2961 620 3071 657 aere
3096 608 3240 659 etiam
3264 624 3350 675 per

150 687 233 748 καὶ
246 685 419 753 νυκτὸς
437 684 619 757 οὔσης,
640 683 970 766 ἄνθρωποίτε
988 688 1221 765 χρῶνται
1241 683 1331 744 καὶ
1350 684 1505 767 θηρία
1522 684 1699 744 πολλὰ

108 801 130 838 ι
152 775 302 853 νομὰς
325 773 611 851 ποιούμενα
638 771 726 831 διὰ
753 773 996 847 σκότους,
1027 774 1355 854 ἀμωσγέπως
1381 773 1502 855 ἴχνη
1533 773 1700 855 φωτὸς

151 866 231 926 καὶ
253 862 511 946 ἀπορροὰς
547 865 712 940 αὖγῆς
743 861 1182 945 ἐνδιεσπαρμένας
1221 862 1447 944 ἔχοντος·
1484 867 1514 921 ὁ
1538 864 1584 921 δ’
1617 865 1696 921 οἷ-

151 953 315 1035 κουρὸς
340 952 431 1012 καὶ
459 950 776 1033 ὑπωρόφιος,
807 949 901 1010 ἅτε
930 950 993 1022 δὴ
1020 956 1115 1023 τῆς
1136 956 1232 1030 γῆς
1258 952 1586 1031 πανταχόθεν
1605 976 1699 1010 πε-

152 1042 433 1123 ριεγούσης,
477 1042 672 1119 κομιδῇ
713 1038 904 1122 τυφλός
945 1042 1057 1099 ἐστι
1098 1040 1191 1099 καὶ
1232 1039 1542 1122 ἀφώτιστος.
1630 1042 1695 1119 (9)

151 1112 296 1190 Ἀλλὰ
323 1128 428 1207 μὴν
448 1128 542 1189 καὶ
566 1128 802 1209 δέρματα
826 1127 917 1188 καὶ
944 1127 1141 1210 κέρατα
1170 1127 1313 1211 ζῴων
1341 1128 1440 1189 ὅλα
1474 1128 1570 1207 μὲν
1598 1132 1699 1188 αὗ-

102 1234 130 1273 n
151 1219 237 1300 γὴν
270 1221 326 1277 οὗ
363 1217 555 1289 διίησιν
586 1216 688 1276 ὑπὸ
719 1216 1080 1300 στερεότητος,
1118 1216 1242 1277 ὅταν
1285 1218 1340 1276 δὲ
1366 1223 1561 1299 πρισθῇ
1608 1217 1699 1276 καὶ

152 1306 452 1388 καταξεσθῇ,
476 1306 676 1385 γίνεται
697 1308 947 1388 διαφανῆ,
969 1305 1389 1390 παραμιχθέντος
1414 1310 1587 1373 αὐτοῖς
1606 1313 1697 1366 τοῦ

152 1396 299 1476 ἀέρος.
383 1397 477 1475 (ιο)
514 1385 692 1473 Οἶμαι
718 1393 773 1453 δὲ
801 1396 890 1454 καὶ
922 1394 1173 1472 μέλαιναν
1207 1396 1455 1454 ἑκάστοτε
1482 1393 1577 1466 τὴν
1601 1399 1699 1472 γῆν

153 1485 240 1543 ὑπὸ
275 1489 371 1543 τῶν
416 1489 650 1556 ποιητῶν
692 1486 967 1543 καλεῖσθαι
1003 1481 1089 1542 διὰ
1128 1482 1189 1543 τὸ
1225 1485 1478 1550 σκοτῶδες
1514 1482 1605 1542 καὶ
1640 1482 1700 1542 τὸ

155 1573 442 1653 ἀφώτιστον·
484 1571 623 1632 ὥστε
661 1571 753 1632 καὶ
787 1571 882 1644 τὴν
920 1570 1274 1649 πολυτίμητον
1314 1571 1569 1631 ἀντίθεσιν
1608 1576 1699 1629 τοῦ

94 1685 129 1720 15
152 1668 392 1720 σκοτεινοῦ
420 1661 552 1741 πρὸς
586 1660 650 1720 τὸ
675 1659 922 1741 λαμπρὸν
950 1659 1038 1719 ἐπὶ
1071 1665 1165 1733 τῆς
1190 1665 1288 1740 γῆς
1323 1662 1523 1738 μᾶλλον
1551 1659 1585 1732 ἢ
1607 1665 1697 1718 τοῦ

153 1750 282 1831 ἀέρος
301 1751 576 1831 ὑπάρχειν.

218 1841 418 1899 XVIII.
464 1838 607 1900 Ἀλλ’
636 1836 770 1909 αῦτη
801 1834 896 1914 μὲν
922 1835 1224 1915 ἀπήρτηται
1251 1842 1343 1895 τοῦ
1366 1836 1697 1914 ζητουμένου·

150 1925 302 1983 πολλὰ
336 1926 436 2008 γὰρ
474 1925 739 1985 δέδεικται
774 1922 954 2007 ψυχρὰ
998 1928 1103 1983 τῶν
1139 1926 1399 2003 λαμπρῶν
1445 1924 1571 1984 ὄντα
1608 1921 1700 1982 καὶ

150 2012 299 2094 θερμὰ
312 2019 413 2074 τῶν
434 2017 692 2096 ἀμαυρῶν
706 2013 799 2072 καὶ
812 2016 1108 2074 σκοτεινῶν.
1156 2014 1218 2091 (2)
1240 2013 1476 2073 Ἐκεῖναι
1497 2014 1552 2071 δὲ
1572 2037 1701 2091 συγ-

88 2118 127 2154 ἳυ
155 2104 428 2184 γενέστεραι
453 2102 704 2181 δυνάμεις
730 2100 1057 2183 ψυχρότητός
1083 2104 1185 2160 εἶσι
1202 2147 1218 2177 ,
1248 2100 1308 2160 τὸ
1336 2100 1602 2184 ἐμὸριθὲς,
1638 2099 1703 2160 τὸ

152 2190 363 2269 μόνιμον,
390 2191 453 2251 τὸ
473 2190 703 2267 πυκνὸν,
733 2188 795 2249 τὸ
822 2188 1209 2267 ἀμετάὸλητον·
1238 2179 1310 2247 ῶν
1340 2188 1455 2269 ἀέρι
1483 2187 1578 2267 μὲν
1611 2192 1698 2250 οὗ·

150 2282 333 2356 δεμιᾶς,
351 2286 420 2361 γῇ
440 2280 495 2338 δὲ
528 2281 728 2357 μᾶλλον
745 2274 781 2349 ἢ
801 2276 953 2336 ὕδατι
976 2281 1160 2335 πασῶν
1183 2277 1412 2355 μέτεστι.
1499 2281 1562 2357 (3)
1591 2280 1701 2340 Καὶ

150 2366 239 2444 μὴν
264 2370 314 2427 ἐν
340 2371 443 2434 τοῖς
471 2367 713 2446 μάλιστα
739 2365 802 2425 τὸ
827 2365 1027 2447 ψυχρὸν
1052 2367 1311 2436 αἰσθητῶς
1335 2365 1563 2447 σκληρόν
1589 2369 1700 2427 ἐστι

148 2456 225 2515 καὶ
238 2454 583 2538 σκληροποιὸν
601 2452 694 2514 καὶ
713 2453 1008 2514 ἀντίτυπον.
1080 2452 1252 2532 Ἰχθῦς
1271 2453 1367 2531 μὲν
1387 2455 1490 2534 γὰρ
1504 2459 1703 2538 ἱστορεῖ

87 2562 125 2598 ‘²³
152 2545 464 2627 Θεόφραστος
496 2542 605 2604 ὑπὸ
642 2542 812 2625 ῥίγους
851 2540 1179 2619 πεπηγότας,
1218 2542 1280 2601 ἂν
1318 2544 1577 2625 ἀφεθῶσιν
1612 2546 1700 2605 ἐπὶ

147 2634 227 2703 τὴν
248 2640 359 2713 γῆν,
383 2631 750 2710 κατάγνυσθαι
776 2629 868 2689 καὶ
892 2628 1256 2709 συντρίὸεσθαι
1290 2630 1439 2703 δίκην
1469 2632 1633 2691 ὑέλων
1662 2633 1697 2707 ἢ

147 2727 393 2803 κεραμεῶν
416 2720 705 2799 σωμάτων.
789 2721 850 2796 (4)
878 2718 973 2780 Ἐν
1003 2716 1059 2777 δὲ
1087 2721 1306 2801 Δελφοῖς
1334 2720 1489 2788 αὑτὸς
1515 2720 1699 2793 ἤκουες

149 2811 216 2869 ὅτι
246 2816 342 2870 τῶν
379 2814 451 2878 εἷς
483 2808 578 2869 τὸν
615 2806 900 2889 Παρνασὸν
939 2806 1247 2865 ἀναδόντων
1289 2812 1547 2887 βοηθῆσαι
1582 2813 1699 2877 ταῖς

150 2899 358 2973 Θυάσιν,
389 2894 813 2975 ἀπειλημμέναις
853 2894 957 2954 ὑπὸ
997 2893 1290 2973 πνεύματος
1325 2897 1564 2976 χαλεποῦ
1606 2896 1699 2956 καὶ

92 2999 130 3035 ³⁰
152 2988 323 3067 χιόνος,
341 2988 504 3055 οὕτως
524 2985 763 3065 ἐγένοντο
780 2982 867 3042 διὰ
881 2982 968 3042 τὸν
989 2982 1158 3062 πάγον
1173 2983 1401 3065 σκληραὶ
1422 2982 1514 3043 καὶ
1536 2983 1697 3053 ξυλώ-

153 3077 237 3142 δεις
263 3080 313 3134 αἱ
339 3075 638 3156 χλαμύδες,
670 3075 741 3140 ὡς
768 3070 860 3130 καὶ
887 3069 1166 3152 θραύεσθαι
1193 3070 1579 3150 διατεινομένας
1606 3072 1698 3133 καὶ

153 3163 425 3243 ῥήγνυσθαι.
514 3164 577 3240 (ε)
624 3164 780 3222 Ποιεῖ
822 3158 878 3218 δὲ
918 3158 1010 3218 καὶ
1050 3165 1206 3241 νεῦρα
1263 3160 1555 3240 δυσκαμπῆ
1605 3161 1699 3222 καὶ

152 3253 362 3328 γλῶτταν
392 3253 617 3311 ἄναυδον
657 3246 904 3331 ἀκινησίᾳ
935 3247 1026 3307 καὶ
1083 3246 1400 3330 σκληρότητι
1445 3248 1506 3308 τὸ
1557 3247 1693 3329 ἄγαν

151 3343 313 3420 ψῦγος,
337 3337 633 3418 ἐκπηγνύον
658 3336 725 3396 τὰ
754 3335 887 3418 ὑγρὰ
914 3335 1005 3396 καὶ
1032 3335 1250 3415 μαλακὰ
1271 3341 1361 3395 τοῦ
1387 3337 1651 3412 σώματος.

91 3446 128 3483 ³5
221 3409 365 3491 XIX.
405 3419 519 3489 *nv
547 3423 900 3505 βλεπομένων,
925 3424 1110 3484 σκόπει
1136 3423 1197 3483 τὸ
1231 3423 1500 3504 γινόμενον
1537 3425 1694 3487 οὕτω.

154 3519 294 3577 Πᾶσα
330 3516 496 3589 δήπου
526 3514 769 3591 δύναμις,
800 3511 863 3572 ἂν
891 3516 1256 3593 περιγένηται,
1295 3511 1493 3596 πέφυκε
1534 3537 1700 3591 μετα-

152 3602 339 3662 Θάλλειν
372 3604 465 3663 καὶ
492 3601 702 3684 τρέπειν
736 3603 808 3668 εἷς
839 3600 1031 3672 ἑαυτὴν
1066 3599 1127 3660 τὸ
1163 3599 1463 3678 νικώμενον·
1504 3600 1566 3661 τὸ
1601 3600 1698 3679 μὲν

149 3692 236 3772 γὰρ
257 3694 351 3753 ὑπὸ
377 3697 574 3774 θερμοῦ
600 3688 859 3772 κρατηθὲν
886 3692 1218 3770 ἐκπυροῦται·
1241 3688 1303 3748 τὸ
1331 3690 1376 3748 δ’
1404 3688 1507 3749 ὑπὸ
1533 3690 1696 3748 πνεύ-

153 3804 316 3857 ματος,
345 3782 665 3864 ἐξαεροῦται·
687 3778 749 3837 τὸ
778 3778 822 3837 δ’
844 3780 915 3846 εἰς
938 3780 1077 3861 ὕδωρ
1106 3776 1364 3862 ἐμπεσὸν,
1390 3775 1453 3836 ἂν
1477 3777 1551 3854 μὴ
1583 3779 1700 3836 δια-

93 3882 131 3919 40
152 3867 296 3949 φύγῃ,
323 3866 726 3950 καθυγραίνεται
745 3864 1199 3947 συνδιαχεόμενον.
1290 3867 1351 3945 (a)
1383 3865 1610 3945 Ἀνάγκη
1630 3864 1693 3938 δὴ

152 3960 316 4019 καὶτὰ
348 3959 625 4043 ψυχόμενα
660 3959 853 4038 κομιδῇ
892 3954 1244 4035 μεταὸάλλειν
1280 3959 1351 4024 εἷς
1378 3958 1438 4013 τὸ
1477 3954 1698 4037 πρώτως

152 4048 344 4130 ψυχρόν·
373 4049 486 4109 ἔστι
524 4049 580 4107 δὲ
613 4044 881 4129 ὑπερὸολὴ
913 4044 1111 4128 ψύξεως
1151 4044 1321 4117 πῆξις·
1350 4044 1503 4116 πῆξις
1546 4044 1590 4103 δ’
1627 4047 1698 4111 εἰς

155 4137 406 4197 ἀλλοίωσιν
442 4138 664 4218 τελευτᾷ
690 4133 783 4194 καὶ
814 4134 1046 4207 λίθωσιν,
1082 4132 1227 4205 ὅταν,
1255 4132 1569 4192 παντάπασι
1604 4138 1696 4192 τοῦ

154 4226 329 4305 ψυχροῦ
369 4224 757 4309 κρατήσαντος,
792 4223 1001 4302 ἐκπαγῇ
1037 4219 1132 4299 μὲν
1168 4219 1229 4280 τὸ
1265 4219 1439 4303 ὑγρὸν,
1480 4220 1696 4302 ἐκθλιὸῇ

97 4327 133 4364 is
155 4310 271 4371 δὲτὸ
306 4313 514 4394 θερμόν.
602 4312 666 4390 (³)
702 4306 869 4371 Ὅθεν
910 4314 945 4381 ἡ
993 4308 1089 4386 μὲν
1126 4312 1179 4369 ἐν
1222 4309 1376 4389 βάθει
1417 4313 1485 4387 γῆ
1532 4309 1699 4388 πάγος

157 4400 291 4474 ἐστὶν,
318 4406 386 4470 ὥς
413 4404 598 4472 εἰπεῖν,
630 4397 723 4459 καὶ
751 4395 1076 4479 κρύσταλλος
1104 4396 1287 4457 ἅπασα
1305 4421 1319 4435 ·
1356 4396 1417 4457 τὸ
1461 4394 1563 4477 γὰρ
1597 4399 1698 4479 ψυ-

153 4487 262 4565 χρὸν
284 4490 508 4572 ἄκρατον
532 4490 755 4568 οἰκουρεῖ
776 4485 866 4546 καὶ
894 4485 1202 4565 ἀμάλακτον
1234 4485 1569 4563 ἀπεωσμένον
1589 4486 1699 4545 ἐκεῖ

155 4580 232 4632 τοῦ
263 4577 454 4658 αἰθέρος
483 4575 765 4636 ἀπωτάτω·
809 4576 872 4654 (s)
903 4573 1056 4634 ταυτὶ
1085 4575 1140 4634 δὲ
1179 4573 1248 4634 τὰ
1282 4576 1490 4655 ἐμφανῆ
1508 4619 1524 4650 ,
1561 4596 1700 4655 κρη-

159 4663 291 4738 μνοὺς
313 4665 400 4724 καὶ
420 4664 707 4732 σκοπέλους
718 4663 811 4724 καὶ
836 4662 1058 4746 πέτρας,
1083 4663 1456 4741 Ἐμπεδοκλῆς
1479 4659 1575 4739 μὲν
1599 4660 1699 4720 ὑπὸ

1737 668 1743 692 i

1779 693 1970 737 noctem
1992 688 2210 738 homines
2224 702 2282 738 ac
2300 689 2441 740 bruta
2459 691 2683 741 animalia
2700 697 2921 755 utuntur,
2941 695 3282 762 ambulantque
3300 699 3349 750 in

1779 788 1839 824 eo
1861 788 1947 838 per
1965 776 2183 827 tenebras
2195 813 2210 838 ,
2227 777 2276 827 in
2294 777 2474 841 quibus
2493 784 2755 842 utcumque
2772 782 2969 844 vestigia
2988 785 3208 847 quaedam
3230 786 3352 839 lucis

1778 868 1926 926 atque
1944 864 2158 928 reliquiae
2175 864 2406 929 ‹lispersoe
2427 872 2542 917 sunt
2566 881 2580 917 ε
2605 867 2730 917 intra
2752 867 2924 919 domos
2951 874 3113 922 autem
3137 877 3186 924 et
3208 877 3352 927 tectis

1778 951 2139 1016 parietibusque
2153 952 2370 1004 inclusus
2382 991 2397 1014 ‚
2413 954 2608 1005 omnino
2621 968 2778 1006 meus
2793 960 2867 1007 est
2880 963 2927 1008 et
2940 959 3134 1010 luminis
3148 975 3321 1025 expers
3334 1001 3349 1026 ,

1778 1040 1908 1089 terra
1933 1040 2113 1091 scilicet
2135 1041 2506 1106 circumquaque
2528 1043 2787 1095 ambiente.
2856 1047 2922 1107 (9)
2948 1047 3077 1105 Quin
3098 1051 3146 1099 et
3167 1054 3351 1112 tergora

1780 1129 1829 1176 et
1869 1140 2048 1177 cornua
2088 1128 2369 1179 animalium
2405 1130 2585 1193 integra
2620 1131 2684 1181 ob
2725 1132 3015 1185 soliditatem
3051 1136 3214 1188 lumen
3253 1153 3352 1189 non

1780 1216 2136 1276 transmittunt,
2166 1215 2375 1268 dissecta
2407 1222 2568 1269 autem
2596 1225 2645 1270 et
2674 1221 2820 1284 polita
2847 1223 2970 1273 aeris
2994 1225 3352 1289 participatione

1779 1302 1905 1353 flunt
1923 1304 2174 1366 pellucida.
2242 1308 2338 1369 (to)
2365 1307 2601 1359 Existimo
2626 1311 2804 1359 terram
2828 1326 3021 1375 quoque
3052 1327 3082 1363 a
3103 1316 3257 1378 poetis
3279 1319 3352 1367 ni·

1780 1405 1936 1453 yram
1965 1406 2023 1443 ea
2051 1407 2242 1458 semper
2259 1395 2440 1447 ratione
2457 1398 2714 1462 appellari,
2737 1400 2850 1463 quia
2876 1402 3178 1453 tenebiicosa
3198 1410 3273 1454 est
3302 1406 3351 1455 et

1781 1479 1979 1530 luminis
2001 1495 2174 1545 expers
2212 1497 2226 1532 ε
2259 1489 2317 1534 ut
2338 1485 2544 1549 pretiosa
2574 1487 2655 1538 illa
2684 1488 2929 1541 tenebrosi
2960 1503 3072 1540 cum
3098 1491 3351 1555 splendido

1780 1569 2049 1630 contentio,
2074 1572 2214 1621 terrae
2232 1572 2383 1635 magis
2401 1588 2545 1637 quam
2570 1574 2666 1625 aeri
2689 1580 2938 1640 congruat.

1843 1850 2020 1897 xvm.
2051 1852 2233 1899 Verum
2257 1864 2313 1900 ea
2335 1852 2395 1900 ad
2415 1852 2712 1915 propositam
2735 1854 3048 1916 qnaestionem
3074 1856 3191 1907 nihil
3213 1857 3352 1921 facit;

1782 1947 1934 1996 quum
1966 1936 2346 1999 ostenderimus,
2380 1940 2531 1989 multa
2553 1939 2723 2003 frigida
2743 1954 2854 1992 esse
2889 1943 3167 2007 splendida,
3199 1946 3355 1997 calida

1782 2023 1936 2073 multa
1952 2024 2157 2074 obscura
2185 2031 2232 2076 et
2254 2027 2568 2077 tenebricosa.
2631 2029 2698 2092 (2)
2720 2029 2824 2080 111ae
2846 2044 2960 2081 vero
2990 2033 3179 2095 frigoris
3202 2036 3355 2098 magis

1781 2117 1998 2174 cognatas
2019 2116 2136 2163 sunt
2158 2114 2435 2177 facultates,
2460 2129 2605 2177 grave
2625 2130 2761 2181 esse,
2785 2132 3097 2184 permanem,
3116 2121 3323 2174 densum
3337 2162 3350 2186 ,

1785 2198 2028 2249 immobile
2052 2215 2065 2249 ε
2089 2214 2293 2263 quarum
2325 2203 2424 2253 aeri
2459 2203 2616 2266 nulla,
2647 2206 2788 2254 terrae
2823 2219 2992 2257 omnes
3022 2208 3174 2271 magis
3207 2223 3353 2271 quam

1781 2301 1922 2351 aquae
1945 2289 2126 2339 insunt.
2194 2290 2261 2352 (3)
2283 2292 2344 2340 Et
2365 2290 2559 2354 quidem
2584 2293 2824 2357 praecipue
2844 2294 3096 2358 frigidum,
3116 2309 3257 2346 sensu
3277 2297 3351 2361 ju·

1781 2376 1916 2439 dice,
1949 2377 2126 2427 durum
2156 2383 2257 2439 est,
2292 2392 2351 2428 ac
2386 2379 2576 2430 duritiei
2609 2381 2803 2446 efficax,
2837 2386 2889 2433 et
2922 2384 3164 2435 resistens.
3231 2388 3352 2436 Nam

1781 2464 2145 2529 Theophrastus
2162 2471 2322 2516 narrat
2341 2467 2497 2530 pisces
2516 2469 2624 2530 gelu
2643 2475 2894 2520 concretos
2908 2508 2922 2531 ,
2943 2470 2985 2520 si
3006 2471 3054 2520 in
3076 2474 3253 2522 terram
3272 2471 3350 2523 de·

1776 2552 2019 2615 jleiantur,
2040 2553 2188 2617 frangi
2211 2568 2268 2605 ac
2289 2556 2467 2605 conteri
2496 2557 2730 2607 vitrorum
2754 2558 2904 2609 instar
2923 2563 3009 2609 aut
3031 2560 3250 2610 fictilium
3273 2574 3350 2610 va·

1780 2654 1965 2691 sorum.
2034 2643 2101 2705 (4)
2126 2643 2268 2706 Apud
2296 2644 2509 2707 Delphos
2536 2647 2640 2708 ipse
2662 2645 2917 2709 audivisti,
2936 2661 3102 2698 eorum
3134 2649 3218 2712 qui
3242 2654 3352 2701 Par·

1781 2742 1981 2779 nassum
2000 2730 2378 2782 conscenderant
2399 2732 2687 2795 opitulatum
2711 2734 2989 2797 Thyadibus
3020 2749 3047 2785 a
3078 2736 3350 2789 vehementi

1779 2822 1930 2867 vento
1947 2821 1998 2867 et
2013 2818 2127 2869 nive
2144 2819 2487 2871 circumventis
2500 2859 2514 2882 ,
2534 2821 2600 2870 ita
2618 2823 2727 2885 gelu
2748 2823 2945 2874 duratas
2965 2823 3077 2887 ligni
3100 2824 3150 2873 in
3169 2838 3353 2875 morem

1778 2903 2033 2968 diriguisse
2067 2906 2372 2970 chlamydes,
2410 2915 2467 2958 ut
2501 2909 2725 2961 distentae
2760 2912 2905 2962 etiam
2942 2918 3278 2976 rumperentur
3298 2928 3353 2963 ac

1779 2992 2206 3056 confringerentur.
2275 2998 2346 3059 (5)
2371 2996 2502 3056 Quin
2523 3002 2575 3048 et
2595 2998 2757 3049 nervis
2779 3004 2828 3049 et
2858 3000 3033 3063 linguoe
3058 3003 3245 3051 motum
3264 3000 3352 3049 eri·

1779 3080 1877 3145 pit,
1896 3081 2219 3147 duritiemque
2242 3084 2388 3135 infert
2419 3086 2623 3136 nimium
2649 3087 2825 3150 friguS,
2850 3088 3105 3150 congelans
3133 3088 3351 3138 humidas

1778 3173 1828 3219 et
1852 3169 2022 3220 molles
2047 3175 2208 3235 partes
2231 3173 2456 3236 corporis.

1839 3440 1973 3487 xlx.
2009 3442 2127 3496 Qum
2150 3451 2300 3500 quum
2326 3437 2493 3486 sintin
2515 3440 2776 3500 conspectu
2789 3473 2805 3498 ,
2831 3451 2931 3487 rem
2956 3452 3084 3487 nunc
3107 3440 3177 3488 sic
3197 3441 3350 3491 consi·

1779 3524 2017 3576 deuemus.
2085 3525 2255 3574 Omnis
2274 3524 2504 3573 nimirum
2537 3523 2768 3589 facultas,
2796 3524 2991 3588 quando
3013 3526 3275 3590 praevalet,
3295 3530 3352 3577 eA

1778 3616 1855 3665 est
1878 3614 2048 3663 natura
2067 3615 2122 3662 ut
2145 3617 2325 3672 mutet,
2352 3612 2540 3675 sibique
2559 3611 2715 3662 simile
2735 3612 2884 3662 faciat
2919 3612 2970 3661 id
2992 3613 3122 3676 quod
3155 3615 3217 3663 ab
3246 3615 3349 3678 ipsa

1778 3708 1854 3752 est
1878 3703 2060 3751 victum
2083 3716 2095 3749 :
2122 3702 2189 3750 ita
2213 3700 2342 3764 quod
2361 3700 2423 3751 ab
2442 3702 2549 3763 igne
2571 3700 2799 3762 vincitur,
2823 3701 3009 3752 incendi
3023 3719 3037 3764 3
3063 3702 3193 3764 quod
3210 3716 3240 3751 a
3262 3705 3354 3767 spi·

1778 3789 1904 3851 ritu,
1929 3789 1976 3838 in
2005 3802 2164 3839 aerem
2186 3789 2308 3839 verti
2323 3805 2338 3851 ς
2372 3787 2504 3853 quod
2525 3787 2576 3837 in
2599 3801 2774 3851 aquam
2798 3787 2990 3850 incidit,
3018 3787 3110 3838 nisi
3129 3789 3347 3852 effugiat,

1779 3876 2003 3927 videmus
2026 3877 2218 3940 penitus
2240 3877 2506 3927 humectari
2542 3876 2946 3940 colliquefactum.
3011 3876 3081 3940 (2)
3117 3879 3203 3926 Est
3235 3891 3348 3940 ergo

1777 3981 2000 4030 necesse,
2031 3971 2088 4016 ut
2109 3979 2220 4029 quae
2248 3965 2387 4015 valde
2418 3965 2590 4027 frigore
2621 3964 2916 4027 afficiuntur,
2947 3969 3201 4017 mutentur
3225 3966 3275 4016 in
3299 3965 3347 4015 id

1778 4057 1908 4119 quod
1936 4056 2092 4120 primo
2118 4057 2193 4105 est
2216 4053 2441 4116 frigidum
2464 4068 2477 4102 t
2502 4052 2843 4115 frigefactionis
2864 4067 2983 4104 vero
3014 4054 3349 4118 exsuperantia

1778 4150 1853 4194 est
1873 4142 2164 4207 congelatio,
2198 4155 2309 4206 quoe
2334 4142 2394 4191 ad
2418 4145 2691 4192 extremum
2713 4140 2834 4191 adeo
2855 4155 2956 4190 rem
3002 4143 3184 4202 mutat,
3221 4145 3274 4190 ut
3301 4140 3349 4190 in

1779 4232 1985 4297 lapidem
2017 4233 2289 4291 convertat,
2325 4230 2410 4279 ubi
2448 4230 2619 4291 frigore
2658 4242 2858 4293 prorsus
2889 4229 3136 4281 obtinente
3176 4230 3351 4279 humor

1778 4320 2048 4382 congelavit
2071 4319 2188 4370 eliso
2210 4319 2385 4368 calore.
2455 4318 2522 4381 (3)
2541 4320 2710 4381 ltaque
2742 4319 2872 4367 terra
2901 4317 2952 4368 in
2977 4317 3216 4381 profundo
3238 4331 3353 4368 con-

1778 4415 1963 4459 cretum
1985 4408 2164 4471 aliquid
2190 4407 2362 4469 frigore
2375 4443 2389 4467 ‚
2410 4409 2490 4468 et,
2511 4411 2565 4455 ut
2583 4404 2657 4456 sic
2673 4403 2858 4467 dicam,
2877 4405 3051 4468 glacies
3069 4407 3176 4455 est:
3199 4406 3348 4469 frigus

1778 4496 1909 4546 enim
1932 4509 2119 4545 merum
2145 4501 2194 4545 et
2217 4495 2350 4544 nulla
2380 4493 2472 4543 alia
2495 4493 2727 4557 qualitate
2749 4493 3015 4543 emollitum
3039 4494 3106 4544 ibi
3138 4494 3346 4555 habitat,

1779 4584 2055 4648 longissime
2073 4584 2134 4634 ab
2152 4584 2334 4634 aethere
2353 4582 2617 4646 repulsum.
2683 4582 2752 4644 (4)
2762 4584 2861 4631 Ista
2880 4584 3042 4630 antem
3061 4582 3322 4643 conspicua
3334 4618 3347 4642 ‚

1779 4672 2069 4737 praecipitia,
2093 4672 2340 4735 scopulos,
2364 4684 2508 4731 saxa,
2535 4670 2847 4735 Empedocles
2869 4675 3032 4720 censet
3053 4670 3115 4719 ab
3134 4670 3241 4731 igne
3266 4670 3348 4732 qui

96 4761 136 4799 δῦ
157 4758 233 4811 τοῦ
257 4755 409 4838 πυρὸς
431 4753 594 4814 οἴεται
619 4759 710 4814 τοῦ
736 4756 788 4813 ἐν
820 4752 967 4834 βάθει
988 4758 1082 4824 τῆς
1098 4756 1194 4830 γῆς
1221 4749 1434 4810 ἑστάναι
1462 4749 1553 4809 καὶ
1581 4749 1698 4808 ἀνέ-
1780 4761 1828 4810 in
1857 4761 2018 4811 medio
2042 4766 2183 4812 terrae
2214 4760 2378 4811 ardeat
2400 4759 2529 4810 edita
2561 4759 2676 4821 erigi
2709 4763 2759 4809 et
2785 4758 3041 4809 sustentari
3069 4774 3082 4808 ε
3149 4759 3217 4822 (5)
3242 4772 3349 4810 ma-

158 4846 322 4916 χεσθαι
370 4841 716 4925 διερειδόμενα
764 4839 1182 4924 φλεγμαίνοντος·

1270 4841 1333 4918 (s)
1390 4838 1699 4919 ἐμφαίνεται
1739 4894 1742 4902 ,
1778 4848 1851 4910 gis
1870 4853 2030 4897 tamen
2058 4849 2281 4911 apparet,
2306 4859 2515 4910 quorum
2543 4846 2692 4896 elisus
2723 4846 2798 4895 est
2820 4856 3114 4909 prorsusque
3137 4846 3257 4896 abiit
3272 4859 3349 4897 cs-

162 4927 207 4984 δὲ
252 4934 465 5008 μᾶλλον,
498 4931 630 4989 ὅσων
672 4930 732 4990 τὸ
779 4929 965 5012 θερμὸν
1004 4928 1240 5000 ἐξεθλίὸη
1287 4926 1378 4986 καὶ
1418 4925 1696 5004 διέπτατο,
1739 4905 1743 4959 ι
1779 4938 1871 4997 lor,
1906 4938 2078 4986 cuncta
2110 4935 2191 4985 illa
2225 4934 2421 4984 omnino
2445 4948 2473 4983 a
2505 4933 2677 4997 frigore
2713 4932 2975 4995 constringi
3010 4935 3059 4983 et
3095 4931 3347 4983 indurari:

162 5016 314 5083 πάντα
340 5027 506 5081 ταῦτα
537 5020 874 5080 παντάπασιν
912 5017 1013 5078 ὑπὸ
1041 5022 1133 5089 τῆς
1159 5016 1487 5100 ψυχρότητος
1521 5020 1700 5093 παγῆ-
1738 5074 1743 5122 Ι
1782 5024 1909 5074 unde
1938 5025 1988 5074 et
2008 5026 2132 5087 paqi
2157 5023 2219 5072 ab
2256 5020 2521 5071 indurando
2555 5021 2816 5084 (παγῆναι)
2854 5020 3037 5072 Graecis
3077 5019 3345 5071 dicuntur:

162 5125 249 5162 ναι·
290 5108 363 5166 διὸ
407 5108 499 5168 καὶ
540 5108 699 5190 πάγοι
735 5111 1035 5168 καλοῦνται·
1073 5105 1163 5166 καὶ
1202 5105 1269 5164 τὰ
1314 5104 1451 5186 ἄκρα
1490 5104 1699 5163 πολλῶν
1781 5112 2144 5174 multorumque
2176 5116 2392 5160 extrema
2421 5110 2694 5171 denigrata,
2718 5123 2814 5171 qua
2845 5108 2969 5174 ignis
2999 5107 3210 5171 excidit,
3239 5105 3350 5172 igne
