3709 5609
320 296 431 346 804

319 419 510 484 αὐτοῦ,
544 406 1002 489 κατεφάρματτεν,
1033 400 1366 470 ἐξαλλάττων
1396 402 1461 478 τῇ
1496 393 1768 465 καινότητι
1796 388 1889 448 καὶ

323 502 590 583 μεταὸολῆ
606 497 701 569 τὴν
717 494 884 576 ὄρεξιν
901 495 995 551 οὐκ
1014 489 1466 572 ἀπαγορεύουσαν,
1490 483 1605 542 ἀλλ’
1626 478 1888 560 ἀγομένην

324 591 404 651 ἐπ’
430 590 596 658 ἄλλα,
631 584 721 644 καὶ
752 579 1213 663 παρεκὸαίνουσαν
1248 581 1302 636 ἐν
1326 578 1402 655 τῷ
1426 571 1652 652 ποικίλῳ
1674 565 1764 651 [τὸ
1790 564 1890 644 μέ-

324 679 496 762 τριον)
538 675 630 735 καὶ
667 672 950 753 αὔταρκες,
985 665 1165 750 ὥσπερ
1196 669 1225 724 ὁ
1253 660 1607 745 [Ὑψι]πύλης
1642 656 1894 739 τρόφιμος

269 802 293 837 5
323 770 383 800 ι’*
411 791 498 834 νος
525 764 699 844 ἕτερον
728 760 815 841 ἀφ’
844 757 1024 840 ἑτέρας
1053 755 1252 833 ἰέμενος
1276 752 1516 833 ἄγρευμα
1546 748 1610 808 ἂν
1634 746 1728 805 σὺν
1763 746 1892 815 ἦδο-

326 855 460 937 μένα
488 857 667 935 ψυχᾷ,
695 850 754 880 “
791 848 866 926 μὴ
907 846 1026 906 πίον
1057 845 1327 916 ἄπληστος
1361 842 1480 911 ἐὼν,
1518 836 1608 897 ἐπὶ
1644 837 1894 895 πλεῖστον

330 942 645 1013 ἐξανθίζεται
674 944 769 998 τοῦ
805 939 1077 1014 λειμῶνος.
1164 933 1253 1011 (ιι)
1293 931 1558 990 Ἐνταῦθα
1590 923 1645 983 δὲ
1682 921 1774 982 καὶ
1805 926 1896 979 τοῦ
1934 910 1941 976 Ι

334 1029 650 1111 Σωκράτους
683 1026 799 1105 ἅμα
827 1019 1234 1103 μνημονευτέον,
1263 1011 1756 1098 παρακελευομένου
1794 1032 1895 1089 φυ-

329 1121 612 1180 λάττεσθαι
626 1119 729 1175 τῶν
750 1112 1063 1195 βρωμάτων,
1084 1100 1168 1168 οἶα
1183 1105 1302 1173 τοὺς
1317 1104 1391 1184 μὴ
1408 1106 1696 1166 πεινῶντας
1712 1097 1898 1157 ἐσθίειν

256 1241 304 1277 10
333 1206 626 1277 ἀναπείθει,
649 1209 718 1271 ὡς
742 1202 889 1261 οὐδὲν
916 1200 1030 1259 ἀλλ’
1059 1191 1095 1269 ἢ
1116 1197 1177 1256 τὸ
1194 1191 1529 1255 παντοδαπὸν
1554 1189 1646 1248 καὶ
1665 1184 1899 1246 ποικίλον

333 1295 672 1357 εὖλαὸεῒσθαι
685 1290 778 1352 καὶ
795 1289 1017 1349 δεδιέναι
1039 1291 1143 1345 τῶν
1162 1283 1339 1344 σιτίων
1363 1284 1762 1359 παραινοῦντος.
1812 1273 1900 1349 (12)

333 1389 358 1413 *
378 1390 552 1447 Τοῦτο
573 1382 676 1462 γὰρ
695 1376 1011 1461 πορρωτέρω
1039 1374 1211 1452 ἐξάγει
1237 1377 1331 1443 τῆς
1350 1369 1533 1451 χρείας
1555 1366 1650 1438 τὴν
1675 1361 1907 1423 ἀπόλαυ-

337 1499 437 1545 σιν,
470 1476 523 1531 ἐν
563 1469 850 1547 θεάμασιν,
892 1469 945 1523 ἐν
985 1462 1337 1544 ἀκροάμασιν,
1377 1461 1430 1517 ἐν
1476 1451 1821 1537 ἀφροδισίοις,
1850 1449 1906 1556 ἐν

1079 253 1734 329 §infimatum
1792 253 2254 316 nPOBAHM.
2309 252 2526 309 nisa,
2582 252 2661 321 Δ,
2708 244 2778 303 α’.
2853 235 2880 260 ··

3119 2 3132 22 Δ
3159 0 3180 19 α’
3225 0 3230 1 ’
3257 0 3374 34 -ὖῗ
3417 0 3425 1 ‘
3495 0 3498 2 ’

3273 37 3346 71 .”ῗ

2942 69 2956 142 ἰ

2954 266 2957 271 ’
2999 245 3121 319 (σοι,
3150 262 3204 302 ιτ.
3231 262 3333 314 ωε,
3359 251 3520 310 Α-ιῆ,

1976 388 2153 438 faciens
2168 423 2181 448 ‚
2206 384 2392 445 iniecit,
2408 376 2619 431 novitate
2637 381 2684 427 et
2704 377 2969 426 mutatione
2982 377 3248 437 appetitum
3269 378 3525 438 pervertens

1975 473 2069 507 non
2092 457 2390 507 desinentem
2403 489 2418 513 ‚
2438 452 2522 503 sed
2546 451 2605 500 ad
2627 450 2721 498 alia
2739 449 2939 497 ductum
2964 452 3013 496 et
3034 448 3099 495 ob
3120 448 3400 496 varietatem
3418 447 3526 494 ultra

1977 528 2026 578 id
2062 527 2192 591 quod
2215 525 2489 575 modestum
2521 526 2571 571 et
2591 521 2708 570 satis
2730 524 2807 569 est
2829 532 2882 567 se
2916 517 3239 581 proferentem
3256 552 3270 577 ,
3297 520 3351 566 ut
3375 517 3526 579 Hypsi·

1976 597 2101 662 pylae
2118 598 2345 646 alumnus

2192 678 2242 721 ln
2266 675 2398 731 prato
2419 671 2618 717 residens
2634 681 2753 728 puer

2193 739 2319 773 nunc
2342 728 2492 779 bunc,
2514 736 2637 769 nunc
2658 724 2802 767 alium
2826 721 2957 776 cupit

2194 784 2354 826 florem
2377 790 2568 835 carpere
2590 793 2600 821 ι
2630 777 2812 833 gaudio.

2193 846 2324 878 mens
2344 831 2643 897 perfunditur
2669 844 2681 873 z
2704 831 2923 873 innocens

2192 890 2364 944 expleri
2385 885 2591 931 studium
2619 883 2803 939 nequit,

1983 960 2244 1020 plurimum
2268 958 2388 1021 prati
2411 956 2641 1018 decerpit.
2724 956 2764 1016 (t
2782 954 2821 1013 1)
2850 951 2942 1001 llic
2966 952 3176 1001 Socratis
3210 951 3357 1000 etiam
3387 951 3537 999 memi-

1983 1050 2111 1098 nisse
2130 1046 2352 1111 expedit,
2373 1044 2458 1109 qui
2474 1043 2676 1105 jubebat
2693 1054 2863 1090 cavere
2886 1054 2914 1089 a
2930 1040 3051 1089 cibis
3070 1040 3152 1102 qui
3174 1053 3271 1088 non
3292 1040 3540 1089 esurientes

1983 1136 2045 1188 ad
2063 1136 2302 1188 edendum
2326 1134 2573 1184 allicerent
2598 1147 2608 1180 :
2630 1130 2753 1180 nihil
2773 1129 2904 1179 aliud
2922 1128 3148 1178 nimirum
3169 1141 3317 1191 quam
3334 1128 3542 1177 ciborum

1985 1225 2299 1289 multiplicem
2318 1224 2599 1272 varietatem
2620 1220 2772 1269 vitare
2791 1225 2839 1268 et
2858 1224 3071 1269 metuere
3092 1217 3394 1281 praecipiens.
3462 1218 3545 1278 (12)

1986 1315 2206 1365 varietas
2241 1313 2369 1362 enim
2402 1317 2476 1361 est
2507 1322 2618 1373 quae
2641 1309 2764 1358 ultra
2796 1321 2940 1370 quam
2977 1319 3095 1355 usus
3121 1307 3185 1355 sit
3220 1305 3313 1353 frui
3339 1318 3431 1353 nos
3452 1305 3548 1353 facit

1989 1402 2302 1467 spectaculis,
2330 1398 2686 1459 auditionibuS,
2711 1411 2761 1447 re
2792 1408 3023 1454 venerea,
3057 1394 3186 1443 ludis
3207 1394 3460 1455 iocisque,
3483 1407 3549 1440 su·

1988 1490 2300 1557 pervacaneis
2325 1489 2496 1548 rebus;
2520 1487 2673 1536 multa
2707 1485 2841 1534 initia
2878 1482 3129 1547 cupiditati
3166 1482 3358 1531 fruendi
3399 1495 3550 1543 sugge-

335 1540 1907 1642 ⁷²²²3‘2345md00‘25'‘⁰¹13''“79‘60‘7'5’&voehfffflwffgmv“¹⁷2⁰
1991 1580 2222 1630 rentibus.
2290 1582 2354 1628 At
2389 1578 2438 1626 in
2475 1577 2534 1626 iis
2557 1574 2920 1638 voluptatibus,
2953 1585 3064 1635 qum
3087 1571 3330 1634 simplices
3367 1576 3479 1620 sunt
3512 1577 3551 1619 et

264 1690 310 1728 15
337 1657 428 1710 τοῦ
458 1652 702 1729 περιττοῦ
738 1639 941 1708 πολλὰς
964 1638 1132 1720 ἀρχὰς
1151 1636 1385 1717 ἔχοντος
1409 1638 1462 1693 ἐν
1488 1633 1543 1693 δὲ
1569 1636 1684 1698 ταῖς
1715 1630 1910 1690 ἁπλαις
1994 1669 2140 1718 unius
2159 1666 2322 1728 modi,
2347 1672 2531 1715 naturae
2557 1664 2757 1713 modum
2779 1661 3037 1712 oblectatio
3059 1674 3156 1709 non
3180 1659 3393 1710 excedit.
3460 1660 3550 1720 (13)

345 1738 437 1798 καὶ
479 1733 818 1815 μονοτρόποις
854 1729 1066 1800 ἡδοναῖς
1094 1728 1153 1784 οὗ
1182 1721 1527 1807 παρεκὸαίνει
1567 1717 1662 1790 τὴν
1693 1713 1844 1798 φύσιν
1876 1718 1908 1783 ἡ

345 1823 528 1892 θέλξις.
616 1822 703 1897 (ιτς)
725 1818 910 1884 εὈλως
929 1814 987 1873 δέ
1011 1837 1098 1893 μοι
1121 1814 1263 1873 δοκεῖ
1283 1813 1484 1891 μᾶλλον
1505 1808 1568 1866 ἄν
1593 1830 1671 1872 τις
1691 1808 1913 1880 ὑπομεῖ-

342 1939 429 1972 ναι
451 1906 804 1991 πολυχορδίαν
827 1903 1075 1983 μουσικὸν
1095 1905 1435 1970 ἐπαινοῦντα,
1451 1896 1543 1956 καὶ
1565 1890 1913 1975 μυραλοιφίαν

346 1999 630 2071 ἀλείπτην,
668 1995 704 2067 ἢ
737 1991 1028 2075 πολυοψίαν
1067 1988 1271 2071 ἰατρόν·
1311 1990 1368 2045 αἱ
1400 1985 1504 2065 γὰρ
1540 1979 1794 2061 ἐκτροπαὶ
1821 1975 1916 2037 καὶ

267 2129 318 2165 20
348 2085 640 2167 μεταὸολαὶ
665 2085 761 2155 τῆς
785 2085 855 2150 εἷς
875 2079 1052 2160 ὑγείαν
1077 2076 1277 2144 εὐθείας
1298 2074 1618 2144 ἐκὸιάζουσι.

427 2206 534 2265 ΠΙ.
578 2204 689 2262 Τοῦ
709 2198 763 2259 δὲ
780 2195 1005 2260 Φιλίνου
1021 2196 1166 2254 ταῦτ’
1184 2191 1416 2260 εἰπόντος
1429 2237 1446 2268 ,
1465 2194 1493 2248 ὃ
1509 2187 1767 2268 Μαρκίων
1789 2182 1888 2265 ἔφη
1903 2226 1917 2253 ,

351 2294 521 2354 δοκεῖν
543 2292 687 2371 αὐτῷ
706 2294 773 2369 τῇ
797 2284 1115 2366 Σωκράτους
1138 2280 1409 2362 ἐνέχεσθαι
1428 2278 1638 2357 κατάρα
1665 2273 1738 2354 μὴ
1762 2271 1919 2351 μόνον

350 2379 466 2446 τοὺς
489 2377 550 2437 τὸ
570 2372 839 2441 λυσιτελὲς
862 2373 969 2432 ἀπὸ
990 2379 1081 2431 τοῦ
1109 2373 1277 2429 καλοῦ
1297 2366 1642 2449 χωρίζοντας,
1669 2360 1807 2421 ἀλλὰ
1828 2358 1921 2419 καὶ

350 2468 466 2535 τοὺς
493 2464 685 2538 ἡδονὴν
715 2461 1013 2528 διιστάντας
1035 2458 1142 2519 ἀπὸ
1166 2464 1260 2529 τῆς
1289 2456 1490 2536 ὑγείας,
1518 2459 1589 2520 ὡς
1617 2456 1921 2509 ἀντιταττο-

276 2591 324 2628 25
356 2554 516 2635 μένην
532 2556 665 2632 αὐτῇ
686 2551 777 2611 καὶ
795 2553 1158 2628 πολεμοῦσαν,
1181 2545 1300 2627 οὐχὶ
1325 2547 1523 2623 μᾶλλον
1545 2545 1894 2621 συνεργοῦσαν
1909 2559 1921 2572 ·

363 2649 422 2723 (2)
457 2639 658 2723 σμικρὰ
692 2639 819 2721 γὰρ,
842 2637 973 2721 ἔφη,
1004 2635 1097 2697 καὶ
1127 2634 1368 2712 ἄκοντες,
1396 2636 1467 2702 ὡς
1506 2628 1792 2710 βιαιοτάτῳ
1820 2630 1925 2685 τῶν

358 2731 612 2816 ὀργάνων,
641 2726 890 2806 ἀλγηδόνι
909 2726 1327 2808 προσχρώμεθα·
1349 2724 1452 2779 τῶν
1481 2719 1524 2777 δ’
1556 2718 1730 2776 ἄλλων
1761 2712 1925 2779 οὐδεὶς

362 2822 426 2880 ἂν
449 2817 565 2880 οὐδὲ
605 2814 920 2897 βουλόμενος
958 2812 1236 2872 ἀπώσαιτο
1261 2810 1358 2883 τὴν
1395 2807 1620 2881 ἡδονήν·
1656 2802 1794 2864 ἀλλὰ
1832 2802 1926 2861 καὶ

363 2916 579 2991 τροφαῖς
599 2906 692 2966 καὶ
717 2904 921 2975 ὕπνοις,
941 2901 1166 2983 καὶπερὶ
1184 2898 1379 2981 λουτρὰ
1398 2898 1490 2956 καὶ
1512 2893 1820 2972 ἀλείμματα
1836 2890 1927 2949 καὶ

284 3030 335 3068 30
363 2994 702 3061 κατακλίσεις
730 2991 812 3051 ἀεὶ
841 2990 1092 3071 πάρεστι,
1114 2989 1205 3047 καὶ
1231 2984 1600 3065 συνεκδέχεται
1620 2982 1711 3041 καὶ
1736 3001 1927 3039 συνεκ-

361 3091 646 3156 τιθηνεῖται
681 3079 769 3140 τὸν
802 3078 1096 3156 κάμνοντα,
1142 3078 1325 3155 πολλῷ
1351 3077 1428 3152 τῷ
1456 3070 1632 3151 οἰκείῳ
1660 3066 1752 3126 καὶ
1791 3062 1929 3123 κατὰ

366 3171 520 3255 φύσιν
558 3170 926 3248 ἐξαμαυροῦσα
962 3165 1024 3225 τὸ
1053 3163 1341 3244 ἀλλότριον.
1429 3160 1495 3238 (3)
1527 3157 1670 3218 Ποία
1698 3154 1797 3235 γὰρ
1828 3153 1931 3209 ἀλ-

366 3258 560 3339 γηδὼν,
593 3256 670 3323 τίς
699 3257 896 3328 ἔνδεια,
927 3255 1077 3314 ποῖον
1106 3250 1422 3333 δηλητήριον
1457 3248 1594 3307 οὕτω
1619 3244 1806 3328 ῥαδίως
1841 3238 1932 3300 καὶ

369 3350 572 3431 ἀφελῶς
592 3345 740 3405 νόσον
779 3344 980 3416 ἔλυσεν,
1009 3346 1080 3410 ὣς
1110 3340 1326 3423 λουτρὸν
1352 3342 1405 3398 ἐν
1436 3340 1606 3417 καιρῷ
1629 3332 1931 3413 γενόμενον,

292 3469 340 3506 35
369 3437 462 3497 καὶ
482 3428 612 3502 οἶνος
634 3432 796 3500 δοθεὶς
821 3430 1078 3509 δεομένοις
1099 3451 1116 3507 ;
1147 3430 1237 3488 καὶ
1261 3425 1427 3510 τροφὴ
1459 3425 1793 3504 παρελθοῦσα
1820 3425 1934 3498 μεθ’

370 3528 556 3597 ἡδονῆς
581 3522 725 3590 εὐθὺς
752 3521 905 3581 ἔλυσε
933 3518 998 3579 τὰ
1025 3521 1252 3599 δυσχερῆ
1282 3515 1483 3585 πάντα,
1504 3511 1592 3571 καὶ
1615 3508 1936 3582 κατέστησεν

372 3618 441 3681 εἷς
467 3614 530 3672 τὸ
550 3615 735 3671 οἰκεῖον
766 3609 862 3681 τὴν
890 3607 1062 3690 φύσιν,
1083 3605 1263 3687 ὥσπερ
1286 3604 1457 3669 εὐδίας
1480 3599 1569 3660 καὶ
1598 3597 1832 3678 γαλήνης
1850 3621 1940 3676 γε-

372 3700 607 3780 νομένης.
695 3701 757 3777 (4)
791 3700 861 3758 Αἱ
889 3694 944 3755 δὲ
973 3695 1060 3753 διὰ
1091 3698 1195 3753 τῶν
1233 3690 1490 3751 ἐπιπόνων
1527 3687 1760 3769 βοήθειαι
1791 3684 1940 3765 μόγις

373 3788 463 3847 καὶ
487 3784 625 3845 κατὰ
651 3783 836 3865 μικρὸν
866 3781 1108 3854 ἀνύουσι,
1131 3782 1380 3861 χαλεπῶς
1401 3772 1822 3856 ἐκμοχλεύουσαι
1845 3772 1939 3831 καὶ

296 3916 347 3955 4„
372 3872 819 3956 προσδιαζόμεναι
846 3869 941 3944 τὴν
972 3869 1146 3955 φύσιν.
1234 3870 1294 3945 (5)
1326 3870 1447 3927 Οὐκ
1467 3864 1528 3923 ἂν
1553 3855 1641 3921 οῦν
1663 3867 1805 3939 ἡμᾶς
1826 3862 1942 3919 δια-

378 3966 565 4025 ῧάλλοι
594 3965 839 4035 Φιλῖνος,
855 3964 900 4020 εἰ
921 3959 995 4038 μὴ
1020 3958 1086 4018 τὰ
1109 3955 1249 4017 ἱστία
1276 3954 1499 4035 ἑκάτερα
1516 3951 1835 4034 ἐπαράμενοι
1846 3947 1942 4019 τὴν

376 4053 565 4126 ἡδονὴν
581 4051 881 4135 φεύγοιμεν,
893 4049 1031 4109 ἀλλὰ
1046 4045 1346 4130 πειρώμεθα
1361 4043 1421 4104 τὸ
1436 4041 1599 4115 ἡδέως
1613 4039 1703 4099 καὶ
1716 4042 1946 4115 ὑγιεινῶς

379 4140 782 4222 ἐμμελέστερον,
806 4138 840 4209 ἢ
864 4141 933 4204 ὥς
952 4136 1075 4195 ἔνιοι
1092 4135 1366 4217 φιλόσοφοι
1382 4130 1443 4191 τὸ
1455 4128 1621 4202 ἡδέως
1643 4128 1731 4185 καὶ
1750 4128 1944 4197 καλῶς,

382 4235 716 4287 συνοικειοῦν.
806 4230 872 4305 (6)
904 4224 1074 4292 Εὐθὺς
1096 4217 1185 4282 οὖν
1210 4222 1334 4303 περὶ
1347 4219 1408 4280 τὸ
1425 4223 1651 4300 πρῶτον,
1667 4205 1710 4275 ὦ
1727 4216 1918 4275 Φιλῖνε
1932 4260 1946 4285 ,

306 4358 355 4395 45
383 4321 484 4374 τῶν
533 4312 962 4396 ἐπιχειρημάτων
991 4313 1157 4378 δοκεῖς
1202 4334 1291 4390 μοι
1325 4309 1655 4390 διεψεῦσθαι,
1696 4301 1765 4360 τὰ
1792 4299 1948 4375 θηρία

1997 1758 2217 1820 Denique
2236 1755 2424 1805 facilius
2450 1753 2568 1802 mini
2592 1752 2784 1801 videtui·
2805 1750 2913 1799 terri
2938 1762 3078 1812 posse
3112 1748 3327 1798 musicus
3345 1748 3429 1811 qui
3449 1749 3556 1796 mul-

1997 1843 2251 1893 titudinem
2276 1855 2564 1901 nervorum,
2601 1842 2650 1889 et
2672 1839 2818 1902 alipta
2840 1839 2922 1901 qui
2956 1838 3309 1899 unguentorum
3334 1836 3557 1899 composi·

1998 1937 2159 1982 torum
2183 1944 2328 1981 usum
2349 1928 2538 1991 laudet,
2563 1941 2707 1992 quam
2723 1926 2939 1980 medicus
2953 1926 3036 1990 qui
3055 1924 3272 1975 ciborum
3293 1926 3558 1974 varietatem

1999 2020 2305 2071 commendet
2331 2034 2343 2067 ε
2370 2020 2551 2081 quippe
2579 2015 2870 2065 mutationes
2889 2019 2939 2064 et
2962 2014 3247 2063 diverticula
3277 2013 3339 2063 de
3360 2020 3487 2064 recta
3508 2013 3559 2061 ad

2001 2109 2255 2160 sanitatem
2274 2107 2351 2156 via
2373 2105 2655 2156 detrudunt.

1998 2187 2006 2196 ’
2067 2201 2151 2247 111.
2189 2201 2305 2247 lloec
2323 2199 2578 2259 postquam
2593 2193 2816 2243 disseruit
2842 2192 3089 2251 l‘liilinuS,
3113 2191 3229 2241 Mihi
3248 2203 3394 2252 veru,
3419 2190 3563 2252 inquit

2006 2291 2217 2341 Marcion
2231 2327 2245 2351 ‚
2272 2288 2485 2340 socratis
2504 2286 2819 2337 exsecrationi
2840 2285 3080 2336 obnoxius
3104 2282 3297 2333 videtur
3313 2296 3411 2333 non
3432 2283 3565 2332 modo

2003 2384 2086 2446 qui
2112 2382 2227 2432 utile
2250 2381 2313 2431 ab
2346 2381 2547 2430 honesto
2581 2377 2873 2441 segregavit,
2912 2376 2999 2426 sed
3028 2381 3077 2424 et
3102 2375 3187 2439 qui
3220 2375 3519 2438 voluptatem
3541 2390 3564 2422 a

2006 2475 2206 2525 sanitate
2230 2477 2447 2537 separat,
2470 2478 2699 2534 tanquam
2723 2470 2836 2518 huic
2856 2468 3195 2518 adversantem
3229 2473 3279 2517 et
3298 2466 3565 2527 inimicam,

2005 2582 2063 2617 ac
2085 2581 2182 2618 non
2204 2568 2367 2630 potius
2388 2565 2688 2628 adjutricem.
2777 2564 2845 2625 (2)
2872 2560 3062 2611 Etenim
3093 2558 3288 2619 dolore,
3315 2565 3369 2611 ut
3400 2560 3567 2609 instru-

2010 2663 2173 2711 mento
2197 2657 2576 2717 violentissim0‚
2601 2669 2711 2705 raro
2734 2652 2995 2703 admodum
3019 2652 3165 2715 idque
3190 2651 3331 2701 inviti
3356 2653 3532 2701 utimur
3557 2666 3567 2698 ε

2010 2750 2071 2801 de
2094 2750 2293 2813 reliquis
2311 2748 2611 2810 voluptatem
2634 2759 2778 2795 nemo
2793 2782 2806 2805 ,
2833 2760 2894 2794 ne
2918 2745 2960 2794 si
2982 2744 3098 2794 velit
3118 2746 3317 2808 quidem
3334 2781 3348 2805 ‚
3373 2745 3571 2808 repudia·

2013 2843 2158 2894 verit.
2225 2845 2341 2891 Haec
2364 2846 2414 2891 et
2437 2841 2485 2889 in
2503 2839 2827 2899 nutrimento,
2854 2843 2902 2887 et
2924 2838 2971 2886 in
2995 2850 3195 2900 somno,
3219 2843 3270 2887 et
3292 2837 3343 2887 in
3368 2838 3571 2894 lavacro,

2012 2940 2062 2986 et
2084 2934 2337 2994 unctione,
2358 2936 2408 2982 et
2432 2930 2676 2981 discubitu
2702 2944 2892 2994 semper
2909 2929 3073 2991 adest,
3099 2930 3388 2992 laboresque
3407 2926 3572 2991 e'xcipit

2012 3031 2063 3077 et
2084 3040 2268 3089 aegrum
2302 3025 2460 3086 fovet,
2486 3024 2640 3073 aliena
2672 3023 2838 3072 multis
2862 3023 3264 3072 convenientibus
3301 3028 3487 3073 naturae
3508 3024 3573 3071 de·

2016 3121 2135 3170 lens,
2204 3120 2271 3182 (3)
2291 3122 2413 3168 Nam
2430 3118 2540 3179 quis
2555 3116 2710 3179 dolor,
2729 3116 2838 3179 quis
2852 3113 3070 3167 defectus
3082 3152 3098 3178 ‚
3120 3117 3251 3179 quod
3269 3131 3506 3168 venenum
3523 3119 3576 3166 ita

2017 3212 2152 3262 facile
2173 3217 2223 3261 et
2244 3209 2527 3273 simpliciter
2551 3209 2720 3258 morbo
2742 3209 2915 3269 solvit,
2942 3211 2997 3259 ut
3021 3208 3270 3259 lavacrum
3308 3212 3576 3275 tempestive

2018 3306 2321 3368 usurpatum,
2338 3308 2424 3353 aut
2439 3304 2602 3352 vinum
2614 3304 2842 3366 indigenti
2859 3303 3058 3353 datum?
3074 3304 3212 3354 cibus
3223 3319 3336 3355 cum
3349 3307 3579 3369 voluptate·

2018 3397 2263 3447 adhibitus
2286 3396 2449 3446 statim
2476 3395 2741 3447 molestiam
2766 3410 2959 3446 omnem
2983 3396 3171 3457 abolet,
3197 3403 3520 3462 naturamque
3542 3400 3579 3446 iu

2023 3504 2167 3541 suum
2191 3494 2373 3539 statum
2398 3490 2612 3553 reponit,
2633 3490 2781 3539 veluti
2806 3490 3061 3540 serenitate
3083 3495 3132 3539 et
3154 3492 3505 3554 tranquillitate
3526 3493 3582 3538 in-

2022 3584 2187 3634 ducta.
2256 3583 2322 3647 (4)
2346 3587 2527 3634 Contra
2549 3596 2660 3632 cum
2678 3581 2845 3632 dolore
2867 3583 3126 3646 conjuncta
3146 3584 3359 3633 remedia
3372 3619 3388 3646 ,
3410 3598 3530 3647 aegre
3546 3589 3584 3630 et

2034 3677 2266 3740 paulatim
2289 3675 2469 3740 aliquid
2488 3674 2726 3736 efficiunt,
2751 3678 2973 3725 naturam
2994 3689 3107 3726 cum
3126 3676 3412 3729 difficultate
3435 3684 3484 3728 et
3503 3677 3584 3725 vio-

2034 3771 2183 3821 lentia
2221 3771 2429 3833 quadarn
2467 3770 2726 3820 molitionis
2757 3770 3056 3831 exagitantia.
3137 3770 3204 3834 (5)
3243 3774 3352 3822 Non
3387 3786 3499 3835 ergo
3527 3777 3585 3820 est

2029 3867 2160 3930 quod
2185 3866 2321 3915 nobis
2343 3865 2461 3914 vitio
2485 3870 2644 3914 vertat
2676 3865 2922 3926 Philinus,
2947 3866 2988 3915 si
3022 3881 3121 3915 non
3154 3869 3447 3931 utrumque,
3477 3867 3587 3930 quod

2029 3961 2190 4019 aiunt,
2213 3959 2375 4011 velum
2391 3958 2665 4008 attollentes
2686 3959 2984 4021 voluptatem
3006 3959 3247 4022 sugimus;
3269 3961 3356 4013 sed
3376 3976 3591 4012 conamur

2032 4052 2328 4115 voluptatem
2350 4065 2460 4102 cum
2484 4052 2690 4102 sanitate
2708 4052 2991 4102 concinnius
3003 4088 3019 4115 ,
3039 4067 3186 4116 quam
3208 4055 3581 4119 philosophorum

2036 4146 2253 4196 nonnulli
2278 4159 2387 4195 cum
2419 4146 2668 4195 honestate
2682 4182 2696 4205 ,
2728 4145 3033 4209 conjungere.
3127 4148 3194 4211 (6)
3230 4151 3342 4198 ,lam
3364 4150 3415 4199 in
3455 4150 3589 4213 prims.

2031 4243 2150 4303 tuo,
2174 4238 2360 4288 Philine
2375 4274 2388 4298 ‚
2409 4242 2693 4300 argumento
2717 4238 2865 4288 salsus
2884 4239 3005 4287 milii
3031 4239 3223 4303 videre,
3258 4242 3401 4292 bruta
3425 4245 3577 4293 anima

2034 4333 2099 4381 lia
2117 4331 2409 4395 simplicIore
2427 4344 2576 4394 quam
2600 4331 2817 4381 homines
2835 4331 3092 4394 alimento,
3112 4340 3162 4384 et
3184 4336 3393 4386 sanitate
3418 4338 3596 4388 meliore

383 4408 487 4462 τῶν
508 4402 793 4483 ἀνθρώπων
817 4399 1197 4481 ἁπλουστέραις
1217 4400 1434 4481 τροφαῖς
1447 4398 1678 4477 χρῆσθαι
1701 4389 1792 4450 και
1811 4390 1951 4467 μᾶλ“
2045 4425 2167 4485 frui,
2192 4437 2373 4487 ponens
2394 4440 2406 4473 :
2443 4438 2648 4488 quorum
2682 4427 2906 4475 neutrum
2931 4430 3007 4477 est
3031 4440 3218 4477 verum.
3287 4430 3356 4493 (7)
3398 4431 3594 4482 Alterum

383 4496 476 4552 λον
504 4491 752 4569 ὑγιαίνειν
768 4488 1133 4568 ὑποτιθέμενος
1147 4514 1160 4527 ·
1179 4486 1446 4570 οὐδέτερον
1463 4484 1565 4567 γὰρ
1587 4479 1776 4555 ἀληθές
1791 4483 1948 4538 ἐστιν.

389 4584 451 4659 (7)
483 4579 641 4640 Ἀλλὰ
666 4583 742 4661 τῷ
773 4579 867 4658 μὲν
896 4582 950 4638 αἱ
983 4580 1110 4660 παρ’
1139 4577 1430 4644 Ἐὐπόλιδος
1451 4565 1593 4654 αἶγες
1623 4576 1948 4651 ἀντιμαρτυ-

390 4676 583 4750 ροῦσιν,
609 4672 865 4744 ὑμνοῦσαι
886 4666 981 4740 τὴν
1004 4666 1200 4748 τροφὴν
1227 4671 1297 4734 ὡς
1318 4669 1572 4745 παμμιγῆ
1595 4662 1687 4721 καὶ
1708 4658 1951 4728 ποικίλην

312 4803 365 4842 50
389 4749 573 4835 οῧσαν,
603 4755 742 4816 οὕτω
764 4781 877 4825 πως
899 4754 1146 4835 λέγουσαι
1163 4778 1176 4793 ·

2041 4517 2265 4567 refellunt
2282 4516 2533 4581 Eupolidis
2552 4529 2708 4580 caprae
2721 4554 2736 4579 ‚
2761 4518 3042 4569 alimentum
3063 4534 3205 4571 suum
3226 4522 3542 4585 proedicantes
3555 4526 3596 4572 et

2045 4624 2073 4659 a
2096 4610 2329 4660 varietate
2351 4611 2607 4674 omnisque
2624 4613 2810 4673 generis
2836 4614 3033 4663 materia
3063 4615 3316 4667 laudantes
3351 4633 3361 4666 :
3390 4620 3462 4669 sic
3483 4620 3594 4669 enim

2044 4699 2299 4762 loquentes
2318 4699 2432 4748 facit
2452 4713 2465 4747 :

394 4870 652 4934 nome6peo'
671 4870 780 4927 ὕλης
800 4870 894 4918 ἀπὸ
912 4869 1212 4929 παντοδαπῆς
1229 4906 1242 4930 ‚
1261 4870 1424 4929 ἐλάτης
1438 4907 1451 4931 ‚
1471 4870 1653 4934 πρίνου,
1673 4865 1887 4929 κομάρου
1907 4877 1957 4908 τε
2041 4854 2183 4899 Varia
2204 4865 2262 4898 ex
2285 4854 2403 4898 silva
2422 4854 2554 4899 cibus
2582 4855 2765 4912 capltur
2794 4856 2928 4902 nobis
2945 4890 2959 4911 ‚
2995 4857 3124 4903 abies
3141 4891 3153 4914 ,
3179 4860 3375 4907 arbutus
3390 4894 3403 4917 ,
3429 4864 3542 4915 ilex,

393 4940 613 5005 πτόρθους
624 4941 830 4997 ἁπαλοὺς
844 4940 1224 5003 ἀποτρώγουσαι,
1234 4942 1315 4991 καὶ
1325 4943 1438 5005 πρὸς
1447 4943 1679 4991 τούτοισιν
1693 4939 1756 4988 ἐτ’
1788 4927 1936 5007 ἄλλα]
1946 4978 1957 5000 ,

2042 4945 2244 4991 quarum
2259 4933 2394 4980 dulce
2408 4937 2479 4980 est
2491 4946 2680 4993 carpere
2696 4947 2847 4981 ramos
2866 4952 2876 4980 :
2894 4950 3034 4995 super
3051 4938 3152 4986 baec
3165 4945 3276 4987 sunt
3292 4943 3437 4988 altera
3453 4941 3574 4988 nobis
3586 4972 3596 4990 .

393 5010 581 5061 κύτισόν
595 5012 635 5060 τ’
654 5012 732 5071 ἠδὲ
748 5007 986 5092 [σφάκον]
1001 5011 1152 5072 εὐώδη
1165 5046 1181 5073 ,
1200 5014 1280 5062 καὶ
1300 5011 1639 5078 σμίλακα[τήν]
1653 5015 1959 5076 πολυφυλλον,
1996 5024 2003 5068 1
2043 5015 2219 5071 cytisus
2231 5048 2243 5070 ‚
2267 5015 2403 5061 lentis
2428 5014 2543 5061 bene
2562 5020 2719 5073 gratus
2738 5016 2869 5071 odor,
2894 5019 3064 5065 smilax
3084 5019 3208 5067 foliis
3229 5025 3420 5069 onerata
3436 5055 3450 5076 .
