3709 5609
867 243 1106 312 PRAEFATIO.
1710 260 1728 322 3
1791 271 1794 276 ’

306 396 312 410 .
989 389 996 402 .
1200 392 1206 404 ,
1435 396 1442 409 ,
1714 337 1776 394 §llll

243 414 315 463 ran
328 390 507 463 debebant
515 404 558 461 ut
566 388 610 460 ad
628 388 859 460 Plutarchum
873 412 1020 487 proprie
1035 403 1230 486 spectantia
1251 416 1259 457 :
1277 389 1322 462 de
1337 405 1463 465 ceteris
1472 397 1730 494 corrumpendi

243 506 361 578 modis
375 560 384 595 ,
396 530 489 603 quos
505 530 589 578 cum
607 503 771 603 plurimis
789 503 1025 602 scriptoribus
1039 518 1207 603 expertus
1227 520 1281 575 est
1303 530 1533 599 communes,
1552 526 1587 581 et
1603 514 1730 585 inutile

242 620 337 693 foret
355 620 425 692 dici
447 644 514 692 nec
531 632 649 718 potest
667 622 733 689 nisi
752 622 789 689 in
805 616 962 690 editione
983 617 1151 691 codicum
1170 621 1427 694 variationibus
1443 627 1629 699 instructa.

291 742 345 809 De
361 735 499 808 lacunis
515 732 706 833 implendis
726 737 756 803 si
773 732 959 832 desperata
972 731 1045 806 fere
1064 752 1229 828 reserat,
1253 742 1291 808 in
1305 738 1453 838 reliquis
1475 756 1592 813 tamen
1616 770 1732 816 emen-

240 851 369 923 dandis
385 877 451 922 nos
460 854 587 922 eximie
597 848 734 945 adjuvit
751 847 972 921 Bibliotheca
984 855 1092 949 Regia
1106 868 1141 923 et
1154 852 1410 929 Praefectorum
1424 858 1502 954 ejus
1519 885 1583 957 per
1600 860 1727 931 orbem

241 966 423 1038 literatum
449 964 627 1038 celebrata
649 965 866 1035 humanitas.
887 962 1037 1038 Codices
1068 974 1166 1041 euim
1183 970 1406 1061 Plutarcbei,
1427 1000 1520 1071 quos
1543 977 1732 1049 thesaurus

242 1080 302 1150 ille
311 1079 434 1151 condit
444 1103 573 1178 magno
588 1102 758 1166 numero,
780 1102 802 1149 a
819 1082 944 1151 Graeco
963 1078 1110 1154 homine
1122 1110 1206 1156 cum
1229 1086 1417 1158 Reiskiana
1434 1087 1593 1161 editione
1610 1091 1730 1163 collati

241 1194 389 1268 fuerunt
405 1220 545 1284 omnes,
566 1218 640 1265 non
657 1196 814 1293 perlecta
836 1194 985 1291 quidem
1005 1204 1249 1289 accuratione,
1273 1200 1336 1272 sed
1355 1202 1470 1274 multo
1487 1220 1583 1275 certe
1605 1206 1732 1278 melius

240 1309 302 1381 ille
315 1335 389 1381 rem
399 1309 676 1398 administravit,
695 1333 804 1405 quam
822 1312 846 1377 ii
861 1307 996 1407 quibus
1005 1313 1275 1409 Wyttenbachii
1291 1319 1397 1386 amici
1405 1321 1616 1389 Parisienses
1636 1319 1729 1392 idem

240 1427 427 1522 negotium
448 1422 760 1495 demandaverant.
780 1426 896 1519 Hujus
907 1429 1044 1522 operis,
1057 1426 1173 1498 tribus
1183 1428 1430 1502 voluminibus
1439 1433 1732 1529 comprehensiet

241 1541 280 1607 in
303 1536 524 1610 Bibliotheca
546 1541 654 1636 Regia
677 1541 821 1625 servati,
851 1563 967 1634 quum
995 1541 1100 1613 nohis
1117 1557 1254 1641 pateret
1275 1544 1411 1635 aditus,
1432 1550 1729 1623 committendum

240 1680 317 1723 uon
332 1669 407 1725 erat
426 1670 467 1725 ut
484 1653 551 1725 hac
573 1650 739 1724 felicitate
752 1652 796 1723 ad
809 1652 1009 1726 ornandam
1024 1655 1220 1729 editionem
1239 1674 1400 1730 nostram
1415 1659 1514 1732 haud
1531 1679 1726 1737 uteremur.

239 1772 322 1859 Qua
340 1770 375 1836 in
392 1791 430 1838 re
449 1767 520 1839 hoc
535 1765 645 1838 modo
663 1792 788 1837 sumus
805 1772 945 1837 versati.

290 1886 450 1952 Primum
472 1880 779 1979 quandocumque
805 1887 999 1973 sententia,
1020 1884 1189 1976 historia,
1208 1892 1437 1984 grammatica
1461 1888 1517 1960 lex
1537 1892 1593 1960 vel
1612 1894 1730 1964 rheto-

240 2002 314 2069 rica
335 2002 387 2067 vis
406 2022 446 2069 ea
465 1997 717 2097 praecipiebant
727 2022 806 2093 quae
826 2001 862 2067 in
873 1997 1083 2071 melioribus
1097 2000 1198 2072 libris
1206 2001 1260 2072 vel
1272 2006 1308 2071 in
1319 2002 1491 2074 omnibus
1501 2002 1724 2101 legebantur,

239 2113 373 2184 horum
387 2118 600 2212 scripturam
612 2112 710 2185 haud
721 2127 932 2185 cunctanter
948 2118 1165 2214 recepimus,
1177 2130 1314 2187 mutata
1331 2116 1469 2215 vulgari
1485 2123 1565 2190 :cui
1583 2114 1729 2215 quidem

238 2253 315 2298 non
332 2232 441 2327 magis
454 2228 528 2301 fere
537 2233 782 2328 pepercimus,
797 2227 962 2325 quando,
977 2252 1042 2329 per
1057 2253 1095 2300 se
1109 2228 1194 2301 licet
1209 2227 1308 2301 bona
1319 2244 1382 2302 aut
1397 2230 1613 2320 tolerabilis,
1633 2235 1730 2305 codi-

239 2370 326 2415 cum
344 2358 461 2415 tamen
475 2357 571 2414 recta
590 2358 626 2413 et
638 2341 840 2415 indubitata
854 2342 1092 2441 praebentium
1103 2347 1316 2415 auctoritate
1328 2342 1580 2416 damnabatur.
1606 2348 1673 2417 Sed
1694 2354 1726 2418 iu

241 2457 374 2530 talibus
390 2482 446 2528 res
464 2462 541 2556 ipsa
549 2456 714 2554 loquitur
735 2461 1006 2554 necquicquam
1018 2473 1072 2530 est
1091 2456 1325 2529 difficultatis.

289 2573 450 2645 Alterum
463 2598 549 2644 vero
566 2597 679 2671 genus
696 2573 882 2663 locorum,
900 2572 1001 2670 quod
1014 2576 1266 2645 constituimus
1277 2626 1286 2661 ,
1298 2571 1403 2643 nobis
1415 2598 1507 2672 saepe
1517 2576 1729 2673 scrupulum

238 2690 361 2785 injecit
374 2704 411 2760 et
431 2714 595 2788 magnam
614 2688 889 2761 dubitationem.
906 2694 998 2761 Sunt
1013 2688 1066 2759 illi
1080 2692 1383 2777 numerosissimi,
1397 2714 1491 2785 quos
1504 2705 1575 2760 tam
1587 2692 1730 2764 codices

237 2829 350 2901 quam
359 2803 533 2875 editiones
545 2807 593 2875 ita
611 2819 803 2902 corruptos
814 2804 974 2902 praebent
987 2857 996 2894 ,
1011 2819 1053 2876 ut
1063 2802 1119 2875 vel
1130 2807 1216 2875 vitia
1225 2807 1447 2903 apertissima
1459 2820 1660 2877 monstrent
1674 2809 1726 2878 vel

237 2920 331 2991 adeo
352 2918 502 3017 intelligi
517 2944 590 2990 non
616 2924 766 3019 possint.
783 2918 883 2990 Tales
899 2917 1197 3016 Wyttenbachius
1210 2920 1343 3015 partim
1361 2914 1406 2987 de
1427 2919 1635 3013 conjectura
1650 2947 1729 2991 cor-

238 3038 352 3121 rexit,
373 3048 411 3105 at
438 3031 554 3105 multo
576 3032 699 3132 plures
718 3037 754 3103 in
775 3038 948 3106 orationis
969 3036 1058 3105 serie
1076 3035 1229 3102 intactos
1255 3054 1400 3100 manere
1418 3032 1521 3119 sivit,
1548 3033 1726 3128 probabili

236 3148 487 3221 emendatione
503 3152 540 3218 in
554 3149 900 3247 marginesubjecta,
913 3172 1024 3246 quam
1037 3145 1162 3232 lector,
1180 3143 1243 3214 ubi
1258 3144 1412 3231 haesitat,
1428 3150 1608 3241 corruptis
1626 3148 1723 3217 illico

235 3263 457 3337 substituere
469 3278 606 3363 potest,
625 3278 661 3335 et
677 3268 911 3363 perexiguum
931 3268 968 3333 in
984 3258 1137 3359 legendo
1157 3257 1457 3359 impedimentum
1472 3283 1596 3357 passus
1613 3261 1659 3331 ad
1675 3291 1727 3333 se-

235 3383 386 3476 quentia
398 3402 558 3478 pergere.
580 3375 649 3448 Sed
667 3376 843 3473 ejusmodi
861 3380 1131 3449 monstrationis
1148 3380 1185 3445 in
1197 3380 1268 3445 ima
1287 3376 1415 3472 pagina
1431 3376 1725 3449 commoditatem

235 3493 451 3566 excludebat
464 3496 554 3565 ratio
566 3493 676 3589 hujus
695 3491 873 3564 editionis.
893 3496 1033 3585 Quare,
1055 3493 1239 3590 perpensis
1257 3487 1443 3577 omnibus,
1459 3488 1552 3560 hanc
1571 3490 1726 3587 denique

236 3609 343 3682 nobis
357 3610 471 3709 legem
485 3611 709 3706 scripsimus,
726 3621 768 3679 ut
780 3606 844 3678 ubi
860 3621 1118 3705 corruptorum
1132 3605 1297 3676 locorum
1312 3617 1490 3674 exstarent
1508 3606 1726 3677 emendatio-

235 3751 317 3816 nes,
328 3752 407 3823 quae
417 3739 452 3797 et
464 3727 619 3796 veritatis
632 3728 785 3822 speciem
798 3727 987 3794 maximam
1005 3748 1077 3821 prae
1087 3746 1125 3793 se
1137 3719 1272 3792 ferrent
1282 3719 1544 3814 etprobobilem
1556 3729 1722 3814 orr'grirem

235 3848 470 3939 corruptionis
485 3840 594 3912 simul
598 3842 863 3937 patefacerent,
881 3864 939 3909 eas
949 3841 1208 3937 reciperemus,
1221 3859 1346 3907 verum
1358 3834 1422 3905 ubi
1437 3840 1632 3923 correctio,
1650 3862 1724 3905 seu-

237 3960 384 4027 tentiam
401 3954 549 4052 quidem
563 3958 770 4043 restituens,
790 3951 966 4049 ejusmodi
978 3968 1096 4023 tamen
1117 3966 1223 4041 esset,
1245 3966 1287 4022 ut
1303 3974 1374 4047 qua
1391 3954 1528 4021 ratione
1546 3955 1581 4017 iu
1605 3952 1722 4048 vulga-

237 4097 315 4143 rem
325 4071 379 4143 vel
397 4070 564 4145 codicum
578 4072 792 4167 scripturam
808 4066 969 4155 abiisset,
993 4091 1067 4136 non
1086 4069 1169 4136 satis
1190 4080 1397 4165 appareret,
1418 4088 1537 4159 neque
1556 4091 1722 4160 agnosce-

236 4202 338 4260 retur
353 4187 401 4259 ibi
419 4187 545 4258 solitus
558 4183 632 4256 fere
648 4190 685 4255 in
700 4182 886 4256 codicibus
902 4181 1092 4255 aberrandi
1113 4179 1265 4269 modus,
1286 4179 1373 4250 tales
1389 4194 1430 4249 ut
1450 4178 1720 4276 repmliarcmus

235 4300 385 4398 ubique.
405 4306 460 4372 Ita
476 4323 739 4395 nonnunquam
768 4300 874 4369 etiam
898 4321 966 4396 pro
980 4288 1120 4387 vulgari
1143 4301 1264 4375 textu,
1284 4310 1394 4382 quem
1416 4310 1491 4355 non
1519 4301 1716 4354 mutaverat

235 4414 554 4515 wyttenbachius,
575 4438 640 4483 nos
656 4410 823 4483 codicum
833 4422 1041 4508 corruptam
1054 4405 1269 4501 scripturam
1281 4403 1487 4499 posuimus,
1505 4400 1651 4495 quando
1669 4405 1718 4467 iu-

234 4530 375 4603 selicem
389 4529 465 4623 ejus
481 4524 645 4598 sanandae
669 4539 840 4596 conatum
855 4522 965 4621 vulgo
985 4522 1055 4618 legi
1079 4518 1184 4589 nobis
1207 4540 1506 4615 persuaseramus.
1537 4520 1591 4585 Sic
1612 4519 1719 4610 igitur

234 4640 487 4713 nodumillum
504 4639 717 4712 solvendum
733 4663 808 4710 esse
824 4637 1083 4735 judicavimus,
1100 4638 1164 4729 qui
1179 4631 1283 4702 nobis
1301 4636 1339 4701 in
1356 4629 1416 4702 tali
1433 4630 1640 4701 conditione
1659 4655 1717 4696 ue-

233 4753 412 4829 otcbatur.
430 4758 506 4826 Hoc
523 4752 633 4825 modo
647 4752 760 4823 lector
781 4775 900 4848 neque
918 4755 1023 4820 nimis
1037 4772 1128 4848 saepe
1153 4745 1324 4836 offendet,
1357 4770 1475 4842 neque
1495 4771 1619 4814 rursus
1644 4744 1717 4812 edi-

233 4873 324 4941 tioni
338 4884 467 4940 nostrae
485 4866 626 4939 diffidet
642 4882 684 4938 ut
696 4864 865 4937 audacius
879 4864 934 4935 vel
943 4863 1056 4934 levius
1065 4858 1298 4959 interpolatae.
1316 4859 1473 4931 Similem
1483 4856 1555 4928 fere
1567 4857 1648 4925 mod
1656 4884 1714 4926 um

229 5012 350 5088 apag.
364 4990 431 5072 ala
450 4984 507 5058 ed.
527 4983 648 5055 Wech.
677 4996 838 5054 tenuerat
854 4976 1065 5066 Schaeferus,
1083 4974 1144 5047 sed
1170 4979 1220 5063 is,
1240 4989 1281 5045 ut
1296 5001 1361 5044 uos
1378 4972 1599 5069 judicamus,
1624 4997 1713 5067 sirpo

225 5103 330 5202 justo
344 5101 547 5172 liberiorem
562 5122 600 5170 se
610 5095 763 5197 praebuit
774 5149 784 5187 ,
796 5095 985 5191 aliquoties
1001 5095 1107 5162 etiam
1121 5089 1379 5187 indiligentem.
1393 5092 1557 5158 Ceterum
1573 5111 1701 5179 ruaguo
