3709 5609
99 0 468 79 sst³³t÷zt
664 8 669 16 ·
706 1 709 8 ι
763 10 765 17 -
803 16 809 23 .

120 78 142 91 a«
163 62 241 95 &Ur-'w
266 63 285 95 ,²9
303 64 336 89 ‘t'
361 62 385 87 ,χι
462 72 463 75 ¹
625 70 629 77 Ι

178 98 192 128 {¹¹
282 103 286 117 ¹
427 100 430 113 ι

158 238 1643 318 naussummusocheranuscuusssuuoimououuoemomasuma9
1717 266 1720 269 ⁴

676 477 1144 615 PRAEFATIO.

210 795 334 879 Quum
353 812 448 859 aiulo
464 790 809 857 MDCCCXXXVIII
833 788 992 857 Be‘thuue
1013 802 1049 858 et
1068 789 1217 859 Duckett
1238 787 1444 887 bibliopolae
1467 787 1647 859 Plutarchi

157 900 309 973 Moralia
324 925 366 971 ex
373 898 529 971 editione
543 898 807 996 Wyttenbachii
815 898 921 972 edere
931 905 1210 990 constituissent,
1226 917 1352 974 auctor
1364 906 1511 973 iiseram
1524 916 1566 973 ut
1580 905 1648 971 Re·

157 1021 303 1113 giorum
319 1014 486 1088 codicum
497 1018 682 1085 varietates
694 1040 714 1085 a
728 1022 850 1087 Konto
859 1030 1043 1113 excerptas
1053 1017 1338 1123 nenegligerent.
1351 1020 1465 1115 Igitur
1475 1014 1647 1087 suadente

159 1136 239 1202 viro
258 1128 497 1203 eruditissimo
517 1132 675 1199 Firmino
699 1129 811 1201 Didot
833 1133 968 1236 scripta?
980 1129 1039 1201 illa
1049 1132 1065 1219 ’,ἓ
1077 1128 1160 1226 ubi{
1165 1156 1326 1230 possem,
1353 1129 1566 1202 emendandi
1587 1155 1648 1203 cu·

156 1270 237 1316 ram
256 1244 343 1315 mihi
363 1240 637 1313 demandarunt.
655 1248 740 1313 Eam
759 1247 794 1312 in
813 1230 1218 1342 merecepi'quanquam
1229 1268 1347 1340 neque
1363 1260 1508 1343 paratus
1522 1259 1558 1314 et
1570 1242 1647 1315 aliis

155 1357 288 1429 studiis
306 1357 534 1428 vehementer
555 1353 736 1427 districtus
756 1382 763 1426 :
790 1356 1060 1455 praesentiebam
1085 1362 1180 1427 enim
1198 1354 1276 1427 lore
1296 1372 1337 1428 ut
1357 1356 1647 1454 Wyttenbachia·

156 1497 229 1543 nus
262 1488 395 1555 textus,
430 1474 459 1541 si
487 1475 700 1561 renuissem,
732 1475 808 1542 sine
839 1468 1089 1563 emendatione
1124 1469 1198 1541 ulla
1230 1484 1465 1569 repeteretur.
1500 1474 1646 1541 Correxi

156 1585 293 1675 multa,
319 1610 360 1659 ac
376 1583 560 1657 bonafide
576 1585 747 1657 lectorem
762 1590 808 1656 ita
827 1610 908 1690 sum
932 1572 1111 1657 allocdtus
1124 1591 1161 1656 in
1177 1584 1250 1656 fine
1264 1584 1480 1685 praelationis
1500 1612 1507 1654 :
1531 1616 1547 1649 «
1561 1566 1649 1656 Pau-

157 1732 176 1763 «
201 1706 252 1773 cis
271 1715 311 1773 ut
329 1700 534 1788 absolvam,
560 1704 609 1771 sic
628 1700 759 1773 habeto
785 1724 794 1769 τ
820 1697 993 1772 tradimus
1012 1702 1092 1772 Tibi
1111 1700 1292 1772 Plutarchi
1312 1700 1462 1773 Moralia
1478 1708 1512 1770 iu
1536 1701 1649 1771 tribus

157 1848 177 1881 c<
189 1821 275 1909 fere
288 1818 444 1888 millibus
462 1817 616 1889 locorum
639 1842 685 1887 ex
709 1815 889 1887 codicibus
910 1820 1161 1911 manuscriptis
1178 1812 1380 1883 emendato.
1395 1811 1504 1906 Quod
1522 1817 1571 1883 Te
1588 1812 1646 1883 de-

156 1963 176 1996 «
203 1931 363 2003 merendi
380 1932 541 2003 studium
558 1931 654 2003 beati
669 1936 802 2003 erimus
814 1934 841 2003 si
855 1936 903 2003 ita
919 1928 1007 1998 velis
1023 1926 1236 2026 rependere,
1255 1940 1297 1997 ut
1316 1952 1397 2023 quae
1414 1941 1559 2025 peecata
1577 1927 1651 1999 fue·

155 2077 175 2111 «
194 2050 267 2117 rint
282 2045 421 2143 judices
441 2046 658 2116 humaniter.
683 2044 778 2116 Illud
800 2071 874 2116 non
896 2068 1075 2134 veremur,
1095 2068 1141 2114 ne
1158 2046 1235 2114 vitii
1252 2040 1425 2137 quiddam
1445 2067 1509 2140 per
1526 2067 1593 2113 nos
1612 2047 1648 2111 in

155 2193 173 2225 a
195 2160 428 2231 Plutarchum
449 2163 703 2257 immigraverit
725 2186 732 2228 :
757 2159 862 2231 latius
885 2174 1003 2231 tamen
1021 2163 1059 2228 in
1081 2159 1216 2254 majore
1234 2161 1310 2229 otio
1328 2156 1471 2228 extendi
1490 2161 1649 2255 potuisse

46 2344 50 2349 .
155 2307 173 2341 a
196 2275 456 2347 emendationis
479 2278 685 2373 negotium,
704 2273 801 2346 ultro
825 2272 1069 2346 concedimus.
1094 2278 1302 2344 »Evenerat
1320 2287 1438 2343 tamen
1457 2269 1556 2368 quod
1574 2296 1647 2342 non

151 2414 232 2459 esse
252 2388 449 2460 verendum
475 2387 653 2476 dixeram3
678 2403 714 2458 et
732 2403 923 2487 corruptos
938 2412 958 2458 a
975 2414 1032 2457 mc
1048 2386 1155 2457 fuisse
1175 2386 1274 2458 locos
1293 2383 1470 2483 quosdam
1491 2410 1570 2456 sero
1597 2389 1649 2454 in·

151 2504 286 2575 tellexi.
306 2508 484 2577 Nimirum
499 2503 562 2575 ubi
589 2528 817 2602 perceperam
839 2508 1035 2575 Firminum
1057 2502 1168 2575 Didot
1182 2507 1287 2601 primi
1306 2500 1498 2573 voluminis
1511 2500 1649 2571 tabulas

144 2620 410 2715 stereotypicas
429 2616 641 2705 redemisse,
669 2616 759 2686 nihil
789 2616 877 2687 mihi
895 2623 1017 2717 potius
1040 2616 1107 2689 luit
1130 2644 1240 2715 quam
1272 2632 1315 2689 ut
1344 2614 1554 2714 antiquandi
1579 2619 1645 2685 im·

151 2756 275 2831 pressa
300 2731 461 2830 exempla
480 2748 515 2803 et
535 2732 603 2803 alia
624 2756 666 2803 ex
691 2756 785 2803 nova
807 2737 1052 2831 recognitione
1069 2732 1199 2805 edendi
1217 2734 1397 2804 licentiam
1417 2730 1462 2801 ab
1482 2755 1525 2800 eo
1545 2754 1647 2828 expe·

151 2861 279 2915 terem.
305 2849 441 2916 Annuit
460 2850 514 2915 vir
531 2844 818 2934 liberalissimus,
849 2860 884 2915 et
911 2847 1133 2946 impulerunt
1156 2872 1261 2920 voces
1281 2844 1538 2917 venerabilium
1556 2850 1647 2915 viro·

151 2986 257 3047 rum,
288 2964 506 3047 Larnomtu,
528 2966 755 3031 Rorssouanu
775 2975 811 3029 et
828 2966 1007 3051 Jacousu,
1029 2967 1092 3059 qui
1115 2967 1227 3035 nimio
1245 2977 1395 3034 conatus
1416 2985 1514 3032 meos
1529 2958 1648 3031 lavore

151 3090 439 3172 prosequuntur,
450 3090 574 3145 utnon
589 3072 705 3145 solum
717 3079 919 3145 universam
931 3080 1138 3147 varietatem
1152 3102 1173 3147 a
1186 3082 1309 3147 Konto
1320 3074 1505 3147 collectam
1516 3078 1645 3145 iterum

148 3204 187 3259 et
210 3204 375 3260 accurate
388 3193 685 3287 pervestigarem,
703 3188 763 3259 scd
783 3193 821 3259 in
841 3188 1034 3261 doctorum
1050 3216 1199 3287 quoque
1216 3194 1376 3289 scriptis,
1397 3214 1477 3285 quac
1499 3186 1644 3284 quidem

150 3306 236 3373 usui
253 3326 333 3372 meo
349 3300 534 3401 patebant,
553 3306 638 3373 etin
657 3327 782 3373 eorum
802 3302 919 3391 libris,
942 3306 1006 3398 qui
1021 3302 1254 3376 Plutarchum
1274 3303 1366 3374 olim·
1386 3301 1644 3400 expilaverunt,

149 3415 421 3487 emendationes
445 3430 537 3487 ratas
559 3415 661 3486 valde
680 3415 863 3514 depravati
882 3419 1066 3513 scriptoris
1084 3421 1347 3513 conquirerem.
1370 3420 1423 3485 lta
1440 3412 1575 3485 lactum
1595 3430 1644 3484 est

151 3546 194 3602 ut
209 3530 282 3602 hoc
298 3529 469 3601 volumen
486 3529 632 3603 duobus
650 3528 723 3602 fere
740 3531 899 3603 millibus
921 3530 1088 3601 locorum
1111 3529 1263 3629 prodeat
1285 3528 1526 3616 emendatius,
1545 3544 1580 3598 et
1598 3528 1644 3598 al-

152 3662 271 3717 terum
286 3644 402 3719 multo
426 3648 577 3741 majore,
597 3670 707 3741 quam
726 3650 825 3743 prius
842 3645 951 3733 olim,
975 3669 1059 3716 cura
1077 3649 1122 3715 sit
1136 3644 1372 3716 elaboratum.
1394 3650 1446 3715 De
1461 3642 1646 3715 codicibus

150 3759 318 3858 singulis,
339 3758 385 3831 de
401 3759 655 3855 dijudicatione
669 3765 853 3858 scripturae
868 3784 1020 3847 eorum,
1040 3760 1085 3831 de
1102 3765 1240 3832 ratione
1257 3784 1367 3857 quam
1381 3764 1418 3829 in
1432 3760 1645 3855 conjecturis

151 3866 366 3976 recipiendis
387 3878 453 3946 sim
470 3889 630 3966 secutus,
653 3880 690 3945 in
721 3880 850 3973 quinto
872 3877 1058 3948 volumine
1088 3901 1239 3975 operum
1266 3873 1575 3961 Plutarcheorum,
1604 3890 1645 3945 ut

150 4016 272 4091 spero,
294 3989 466 4089 explicate
486 3988 630 4063 dicendi
655 3989 757 4062 locus
777 3994 856 4061 erit.
881 3995 1029 4062 interim
1051 4015 1094 4061 ex
1115 3994 1235 4089 priore
1251 3989 1457 4089 praefatione
1475 4010 1555 4081 quae
1574 3986 1645 4058 hoc

151 4110 334 4205 pertinent
347 4109 527 4205 excerpsi,
543 4121 579 4176 et
592 4109 720 4204 gratias
733 4129 800 4203 ago
814 4105 1069 4205 benignissimo
1087 4112 1245 4194 Sauara,
1264 4102 1457 4205 professori
1471 4104 1643 4173 universi-

154 4224 235 4291 tatis
258 4223 477 4305 Turicensis,
506 4222 569 4315 qui
591 4244 634 4289 ex
655 4217 813 4289 editione
831 4245 941 4319 quam
968 4236 1070 4321 parat
1085 4226 1252 4292 Vitarum
1282 4232 1467 4289 oratorum
1496 4220 1642 4288 eximias

151 4332 421 4406 emendationes
445 4359 519 4403 non
544 4358 653 4431 parvo
676 4357 828 4405 numero
854 4335 942 4407 mihi
967 4334 1118 4407 utendas
1144 4337 1317 4433 permisit.
1344 4336 1521 4424 Quintum
1541 4331 1643 4403 volu-

151 4475 235 4522 men
258 4464 388 4549 praeter
408 4447 605 4547 fragmenta
623 4448 801 4519 librorum
821 4450 1048 4548 perditorum
1067 4465 1103 4521 et
1122 4452 1253 4547 scripta
1276 4450 1502 4545 supposititia
1526 4451 1640 4517 conti-

151 4566 253 4637 nebit
275 4568 473 4665 ,qominum
513 4579 548 4635 et
586 4588 706 4636 rerum
740 4563 894 4637 indicem
923 4566 1331 4648 consummatissimum,
1357 4584 1466 4656 quem
1494 4559 1642 4632 lectores

149 4640 340 4777 debebit
358 4683 482 4778 juveni
503 4683 665 4779 inprimis
687 4678 845 4777 diligenti
869 4680 1039 4764 Doelmer,
1060 4679 1131 4775 jam
1149 4702 1254 4748 nunc
1281 4675 1325 4746 de
1344 4675 1525 4747 Plutarchi
1543 4681 1641 4772 Sym-

19 4832 74 4901 „4
150 4773 311 4911 posia&
324 4794 418 4865 bene
436 4796 577 4881 merito,
604 4818 688 4861 mox
708 4790 865 4861 editione
883 4796 1047 4864 Vitarum
1072 4791 1115 4862 de
1132 4791 1258 4861 eodem
1278 4790 1431 4887 amplius
1452 4794 1637 4861 merituro.

12 4940 64 5019 qt
146 4914 471 5015 Scripsi-Parisiis,
494 4934 614 4979 mense
635 4906 822 4977 novembri
841 4910 1093 4980 MDCCCXLI.
1420 4995 1435 5009 ..

13 5074 63 5133 „4
208 5012 322 5113 'Q
1294 5006 1353 5071 Fa.
1383 5007 1540 5072 Donum.

8 5104 356 5359 qs?

1 5373 58 5452 fl
