3709 5609
211 267 322 336 (ms,
350 282 401 322 tt.
430 282 526 334 su,
554 264 758 339 A—n)-

991 262 1616 336 ‚QUAESTIONUM
1670 261 2311 324 CONVIVALIUM
2364 263 2533 323 LIB.
2597 266 2651 336 l,
2707 277 2754 324 1.

3324 280 3434 331 743

207 396 378 471 μένων
399 392 1011 477 ἐμπεριλαμὸανόμενοι,
1033 398 1259 475 φθογγῆς
1279 418 1414 461 τινος
1433 395 1491 453 οὗ
1510 395 1779 460 παντελῶς
1871 402 2090 453 concinni
2108 409 2156 451 et
2174 403 2499 466 intelligentias
2527 404 2640 454 fient
2668 405 2953 469 participes:
2984 404 3066 457 ubi
3087 412 3248 457 autem
3279 408 3440 459 multi·

206 484 464 578 ἀνάρθρου
507 483 600 544 καὶ
645 481 900 551 συνέσεως
933 482 1350 554 κοινωνήσουσιν·
1393 482 1456 541 ἂν
1495 481 1550 541 δὲ
1584 485 1780 553 πλῆθος
1868 490 1988 540 tudo
2009 492 2101 542 erit
2130 492 2296 541 talium
2322 493 2599 556 hominum,
2635 495 2720 558 qui
2751 493 3104 560 cujuscumque
3138 497 3269 559 avis,
3306 498 3442 548 nervi

219 581 230 596 ἱ

204 600 236 653 ῃ

206 661 261 721 δὲ
287 662 474 744 νεύρου
499 661 590 721 καὶ
614 661 762 730 ξύλου
794 663 994 739 μᾶλλον
1022 660 1057 733 ἢ
1081 659 1362 743 φιλοσόφου
1385 658 1561 743 φωνὴν
1589 658 1781 737 ὑπομέ-

156 781 176 817 5
203 774 383 825 νουσι,
424 750 487 811 τὸ
522 757 614 811 τοῦ
654 750 1039 833 Πεισιστράτου
1072 748 1356 832 χρήσιμον.

266 572 522 633 τοιούτων
560 572 866 656 ἀνθρώπων,
896 570 948 632 οἳ
980 570 1172 638 παντὸς
1212 572 1306 649 μὲν
1345 568 1553 652 ὀρνέου,
1587 570 1781 637 παντὸς
1868 578 2211 643 cujuscumque
2233 586 2283 630 et
2304 580 2417 643 ligni
2439 582 2653 645 malunt,
2677 596 2825 646 quam
2844 582 3147 649 philosophi,
3173 599 3343 636 vocem
3365 599 3442 636 au·

1869 667 1991 728 dire,
2010 667 2129 718 utile
2146 673 2218 719 est
2237 669 2357 719 illud
2391 670 2642 721 Pisistrati.
2710 673 2778 735 (4)
2799 675 2848 722 Is
2867 672 2996 722 enim
3009 708 3025 735 ,
3045 687 3195 737 quum
3219 673 3442 739 quaedam

1442 749 1503 827 (ι)
1548 748 1782 815 Ἐκεῖνος
1871 757 1916 806 ei
1952 770 2065 806 cum
2097 756 2206 807 filiis
2227 757 2465 808 discordia
2487 759 2757 821 incidisset,
2790 762 3085 825 sentiretque
3116 763 3214 813 hoc
3238 763 3444 813 inimicis

205 840 308 921 γὰρ
347 844 403 899 ἐν
448 843 674 923 διαφορᾷ
715 863 817 899 τινι
856 838 987 919 πρὸς
1025 836 1143 905 τοὺς
1186 836 1326 905 υἱοὺς
1363 837 1665 915 γενόμενος,
1712 841 1781 903 ὡς
1820 829 1828 931 ι
1870 844 2043 908 gaudio
2061 846 2445 908 esse,advocata
2462 848 2696 899 concione
2713 849 3087 911 dixit,voiuisse
3109 851 3267 915 ipsum
3281 852 3444 902 liberis

205 930 400 1008 ᾔσθετο
419 928 542 998 τοὺς
568 927 782 1011 ἐχθροὺς
802 927 1083 1011 χαίρονέας
1100 971 1114 997 ,
1136 925 1422 997 ἐκκλησίαν
1451 923 1778 1005 συναγαγὼν,

207 1019 306 1099 ἔφη
341 1017 623 1099 βούλεσθαι
652 1015 748 1096 μὲν
785 1015 942 1084 αὐτὸς
967 1017 1146 1075 πεῖσαι
1181 1012 1300 1082 τοὺς
1334 1015 1554 1086 παῖδας,
1585 1013 1701 1073 ἐπεὶ
1725 1012 1779 1072 δὲ

206 1108 475 1176 δυσκόλως
502 1107 728 1189 ἔχουσιν,
748 1103 905 1164 αὐτὸν
929 1103 1138 1172 ἐκείνοις
1161 1101 1434 1163 πείσεσθαι
1455 1101 1548 1161 καὶ
1571 1103 1781 1162 ἀκολου·

204 1197 402 1268 θήσειν.
490 1198 557 1274 (s)
578 1193 737 1255 Οὕτω
760 1193 822 1262 δὴ
843 1193 935 1252 καὶ
958 1191 1234 1275 φιλόσοφος
1258 1190 1390 1274 ἀνὴρ
1415 1193 1467 1249 ἐν
1489 1187 1780 1269 συμπόταις

206 1285 281 1363 μὴ
314 1283 617 1366 δεχομένοις
640 1282 758 1350 τοὺς
778 1280 961 1362 λόγους
984 1284 1142 1340 αὐτοῦ
1158 1326 1175 1355 ,
1202 1278 1548 1359 μεταθέμενος
1572 1278 1779 1361 ἕψεται,

204 1374 299 1435 καὶ
332 1373 604 1453 ἀγαπήσει
637 1371 731 1445 τὴν
771 1371 978 1431 ἐκείνων
1008 1369 1299 1451 διατριὸὴν,
1325 1368 1403 1452 ἐφ’
1435 1367 1556 1429 ὅσον
1588 1366 1663 1446 μὴ
1694 1371 1782 1426 ἐκ-

206 1463 377 1522 &aiva
406 1462 468 1523 τὸ
498 1462 783 1542 εὔσχημον·
810 1458 958 1527 εἰδὼς
984 1458 1063 1519 ὅτι
1098 1456 1433 1539 ῥητορεύουσι
1458 1457 1553 1537 μὲν
1580 1456 1779 1540 ἄνθρω-

207 1578 296 1612 ποι
345 1552 435 1611 διὰ
477 1552 665 1630 λόγου,
716 1551 1053 1633 φιλοσοφοῦσι
1103 1545 1159 1606 δὲ
1203 1547 1294 1608 καὶ
1346 1551 1643 1615 σιωπῶντες
1691 1546 1780 1607 καὶ

135 1673 178 1708 17,
206 1642 484 1711 παίζοντες
526 1639 617 1698 καὶ
652 1637 716 1711 νὴ
749 1638 853 1698 Δία
893 1637 1260 1714 σκωπτόμενοι
1301 1636 1392 1695 καὶ
1429 1635 1774 1702 σκώπτοντες.

212 1733 276 1805 (s)
322 1730 406 1791 Οὖ
444 1726 550 1810 γὰρ
587 1726 741 1805 μόνον
780 1725 986 1792 ἀδικίας
1013 1724 1241 1805 ἐσχάτης
1283 1723 1441 1793 ἐστὶν,
1471 1723 1502 1755 *⁵
1542 1721 1614 1789 ὥς
1653 1747 1779 1806 φησι

213 1818 463 1889 Πλάτων,
489 1815 564 1895 μὴ
589 1816 714 1875 ὄντα
744 1813 941 1873 δίκαιον
967 1803 1100 1872 εἶναι
1129 1814 1315 1885 δοκεῖν,
1341 1810 1480 1870 ἀλλὰ
1508 1811 1600 1870 καὶ
1627 1809 1776 1869 συνέ-

211 1931 346 1974 σεως
372 1904 567 1987 ἄκρας,
596 1905 973 1986 φιλοσοφοῦντα
1012 1904 1087 1980 μὴ
1120 1901 1289 1961 δοκεῖν
1329 1902 1644 1983 φιλοσοφεῖν,
1689 1898 1780 1958 καί

209 1996 466 2065 παίζοντα
501 1992 912 2074 διαπράττεσθαι
947 1989 1015 2050 τὰ
1048 1993 1152 2050 τῶν
1197 1988 1610 2059 σπουδαζόντων.
1708 1988 1777 2067 (7)

133 2110 182 2149 20
210 2085 306 2151 Ὡς
327 2082 432 2163 γὰρ
458 2085 514 2141 αἱ
541 2081 667 2163 παρ’
694 2080 953 2161 Εὐριπίδῃ
981 2077 1228 2158 μαινάδες
1252 2077 1467 2138 ἄνοπλοι
1489 2078 1580 2137 καὶ
1605 2076 1780 2151 ἀσίδη-

213 2197 290 2253 ροι
318 2172 427 2238 τοῖς
464 2169 757 2250 θυρσαρίοις
785 2168 1036 2229 παίουσαι
1061 2167 1179 2235 τοὺς
1205 2167 1587 2247 ἐπιτιθεμένους
1618 2190 1780 2248 τραυ-

212 2260 540 2340 ματίζουσιν,
588 2258 727 2318 οὕτω
770 2261 875 2318 τῶν
925 2259 1183 2332 ἀληθινῶν
1230 2255 1526 2340 φιλοσόφων
1574 2255 1667 2315 καὶ
1715 2254 1782 2314 τὰ

212 2349 520 2428 σκώμματα
561 2347 651 2407 καὶ
688 2349 738 2406 οἱ
775 2346 996 2426 γέλωτες
1037 2343 1155 2414 τοὺς
1195 2343 1270 2422 μὴ
1306 2348 1575 2413 παντελῶς
1609 2342 1779 2427 ἀτρώ-

209 2464 330 2506 τους
365 2444 595 2499 κινοῦσιν
632 2434 964 2515 ἀμωσγέπως
999 2433 1091 2495 καὶ
1121 2433 1630 2517 συνεπιστρέφουσιν.

291 2530 394 2590 IV.
437 2518 610 2604 Οἶμαι
644 2524 700 2584 δὲ
723 2523 1013 2603 διηγήσεων
1041 2515 1174 2583 εἶναί
1191 2547 1242 2582 τι
1266 2523 1584 2602 συμποτικὸν
1612 2522 1784 2603 γένος,

207 2610 282 2677 ὧν
330 2618 427 2684 τὰς
453 2614 547 2694 μὲν
576 2615 781 2695 ἱστορία
818 2612 1025 2686 δίδωσι,
1067 2611 1162 2681 τὰς
1186 2612 1230 2671 δ’
1257 2614 1319 2671 ἐκ
1350 2615 1454 2671 τῶν
1498 2610 1598 2671 ἀνὰ
1629 2615 1784 2692 χεῖρα

207 2708 547 2790 πραγμάτων
585 2703 770 2764 λαὸεῖν
815 2706 956 2775 ἐστι,
1003 2700 1176 2761 πολλὰ
1215 2702 1310 2779 μὲν
1362 2704 1432 2768 εἷς
1478 2699 1784 2784 φιλοσοφίαν

207 2795 651 2878 παραδείγματα,
692 2790 868 2852 πολλὰ
907 2793 951 2850 δ’
991 2794 1065 2858 εἰς
1103 2789 1371 2850 εὗσέὸειαν
1402 2789 1654 2871 ἐχούσας,
1688 2790 1785 2848 ἀν-

207 2889 407 2969 δρικῶν
429 2909 489 2944 τε
504 2882 744 2966 πράξεων
763 2879 856 2941 καὶ
876 2878 1273 2959 μεγαλοθύμων,
1297 2879 1434 2947 ἐνίας
1457 2879 1512 2938 δὲ
1538 2885 1784 2962 χρηστῶν

124 3006 178 3043 su
207 2975 303 3033 καὶ
334 2972 718 3057 φιλανθρώπων
745 2972 904 3044 ζῆλον
927 2967 1240 3049 ἐπαγούσας·
1268 2960 1350 3037 αἶς
1384 2968 1448 3042 ἤν
1486 2993 1562 3038 τις
1590 2969 1787 3030 ἀνυπό-

206 3089 360 3131 πτως
396 3060 667 3144 χρώμενος
708 3060 1106 3139 διαπαιδαγωγῇ
1144 3055 1264 3126 τοὺς
1304 3057 1573 3133 πίνοντας,
1614 3061 1673 3118 οὗ
1720 3058 1787 3118 τὰ

207 3152 476 3232 ἐλάχιστα
512 3154 620 3210 τῶν
656 3151 836 3209 κακῶν
880 3145 1163 3230 ἀφαιρήσει
1205 3151 1299 3218 τῆς
1341 3145 1520 3223 μέθης.
1605 3148 1665 3225 (2)
1715 3151 1785 3209 Oi

208 3242 307 3318 μὲν
335 3231 428 3301 οὖν
452 3238 517 3299 τὰ
542 3237 854 3319 βούγλωσσα
872 3232 1284 3315 καταμιγνύντες
1307 3238 1377 3302 εἷς
1396 3233 1483 3294 τὸν
1505 3227 1658 3308 οἶνον,
1696 3236 1784 3294 καὶ

205 3335 317 3397 τοῖς
342 3327 716 3410 ἀποδρέγμασι
736 3330 839 3385 τῶν
865 3323 1283 3407 περιστερεώνων
1323 3325 1411 3382 καὶ
1439 3322 1697 3384 ἀδιάντων
1721 3324 1787 3384 τὰ

129 3447 177 3483 ¹35
207 3419 385 3498 ἐδάφη
414 3416 696 3502 ῥαίνοντες,
724 3419 795 3482 ὣς
816 3411 1011 3473 τούτων
1045 3411 1165 3472 τινὰ
1187 3417 1296 3480 τοῖς
1330 3414 1661 3493 ἑστιωμένοις
1696 3417 1784 3474 εὗ-

209 3507 409 3585 θυμίαν
452 3504 544 3566 καὶ
588 3500 970 3585 φιλοφροσύνην
1007 3498 1326 3575 ἐνδιδόντων,
1369 3501 1787 3581 ἀπομιμούμενοι

207 3597 311 3669 τὴν
337 3592 635 3676 Ὁμηρικὴν
654 3591 878 3663 Ἑλένην
900 3589 1410 3673 ὑποφαρμάττουσαν
1426 3590 1515 3650 τὸν
1541 3591 1785 3674 ἄκρατον,

207 3688 270 3745 οὗ
296 3686 587 3765 συνορῶσιν
612 3680 692 3739 ὅτι
719 3681 954 3747 κάκεῖνος
971 3683 1000 3739 ὁ
1025 3684 1182 3758 μῦθος
1208 3677 1555 3761 ἐκπεριελθὼν
1577 3680 1668 3740 ἀπ’
1691 3685 1787 3741 Αἰ-

208 3774 418 3852 γύπτου
439 3769 648 3852 μακρὰν
675 3769 793 3829 ὁδὸν
817 3771 888 3836 εἷς
910 3768 1092 3848 λόγους
1119 3769 1360 3836 ἐπιεικεῖς
1376 3767 1469 3828 καὶ
1496 3767 1788 3850 πρέποντας

127 3896 179 3935 40
211 3861 576 3934 ἐτελεύτησεν.
663 3860 726 3937 (a)
752 3858 822 3920 ‘H
858 3856 960 3938 γὰρ
992 3856 1184 3929 Ἑλένη
1216 3856 1451 3917 πίνουσιν
1479 3859 1652 3925 αὐτοῖς
1675 3859 1788 3930 διη-

209 3962 390 4032 γεῖται
408 3950 531 4032 περὶ
555 3954 648 4009 τοῦ
673 3945 998 4020 Ὀδυσσέως,

342 4062 508 4129 [Ἀλλ’]
530 4063 630 4113 οἷον
650 4062 749 4111 τόδ’
763 4061 886 4126 ἔρεξε
904 4060 987 4110 καὶ
1015 4059 1124 4120 ἔτλη
1142 4061 1362 4126 καρτερὸς
1381 4061 1496 4126 ἀνὴρ
1509 4098 1522 4122 ,

342 4134 486 4185 αὐτὸν
500 4151 579 4200 μιν
595 4135 828 4198 πληγῇσιν
845 4131 1104 4196 ἀεικελίῃσι
1123 4130 1386 4195 δαμάσσας·

133 1221 177 1256 ΙΟ

130 2566 179 2602 25

210 4233 373 4287 τοῦτο
393 4221 499 4306 γὰρ
517 4214 602 4298 ἦν,
625 4226 696 4289 ὡς
711 4220 848 4282 ἔοικε
866 4220 957 4295 ,τὸ
974 4219 1218 4295 νηπενθὲς
1240 4220 1516 4304 φάρμακον
1545 4220 1635 4280 καὶ
1655 4219 1790 4280 ἀνώ-

127 4356 180 4393 ⁴5
219 4318 396 4388 δυνον,
423 4310 575 4392 λόγος
605 4311 741 4391 ἔχων
763 4308 942 4391 καιρὸν
974 4309 1268 4390 ἁρμόζοντα
1291 4318 1396 4377 τοῖς
1433 4308 1790 4385 ὑποκειμένοις

216 4405 408 4463 πάθε-σι
436 4400 529 4459 καὶ
569 4398 889 4479 πράγμασιν.
977 4399 1040 4478 (4)
1068 4401 1140 4460 Οἱ
1168 4396 1223 4456 δὲ
1242 4397 1537 4480 χαρίεντες,
1568 4396 1669 4456 κᾶν
1696 4399 1789 4456 ἀπ’

216 4491 420 4559 εὐθείας
456 4495 777 4575 φιλυποςῶτι
801 4535 813 4559 ,
845 4492 1136 4559 τηνιιιιιῧτα
1171 4485 1256 4545 διὰ
1284 4493 1378 4546 τοῦ
1407 4492 1625 4546 πιθανοῦ
1652 4489 1789 4565 μᾶλ-

216 4587 304 4639 I-nu
336 4579 368 4651 ἦ
400 4587 673 4659 βιαστικοῦ
701 4583 801 4635 τῶν
833 4574 1142 4644 ἀποδείξεων
1167 4575 1351 4655 ἄγουσι
1368 4576 1457 4637 τὸν
1483 4575 1653 4655 λόγον.
1727 4578 1787 4655 (5)

216 4675 252 4731 ‘i
268 4683 388 4751 ἱρῆς
412 4667 513 4747 γέιρ
537 4667 613 4723 ὅτι
641 4667 729 4723 καὶ
757 4667 981 4725 Ilii-mm
1003 4667 1058 4723 ἐν
1080 4668 1156 4746 τῷ
1175 4664 1452 4746 συμποσίῳ
1465 4665 1586 4747 περὶ
1613 4663 1792 4735 τέλους

136 4803 148 4835 -4
217 4759 613 4835 ᾖῑτζῦτγᾶμενος,
645 4755 733 4811 καὶ
761 4759 849 4811 τοῦ
873 4751 1082 4835 πρώτου
1106 4756 1302 4835 ἀγαθοῦ
1324 4800 1339 4827 ,
1361 4754 1453 4815 καὶ
1475 4753 1609 4822 ὅλως
1627 4758 1792 4815 θεολο-

216 4855 344 4923 γῶν.
380 4851 476 4907 οὐκ
509 4843 717 4903 ἐντείνει
745 4843 837 4911 τὴν
865 4842 1143 4915 ἀπόδειξιν,
1179 4844 1286 4902 οὐδ’
1311 4843 1667 4918 ὑποκονίεται,
1695 4843 1793 4917 τὴν

216 4939 406 5007 {affl-hv,
444 4935 625 5011 ὥςπερ
657 4935 849 5003 silaceis,
877 4931 1075 4992 εὔτονον
1102 4937 1264 4992 ποιῶν
1287 4931 1376 4991 καὶ
1406 4932 1649 5014 ἄφυκτον,
1679 4934 1791 4993 ἀλλ’

216 5023 518 5107 {flac-:ipsis
545 5023 793 5099 λήμμασι
817 5023 901 5079 καὶ
933 5020 1323 5102 παραδείγμασι
1343 5022 1434 5080 καὶ
1464 5021 1794 5103 μυθολογίαις

216 5135 553 5187 τῑευττιγετεει
581 5134 697 5175 τους
725 5111 925 5191 {¹:391ss

1870 934 1973 983 suis
1993 934 2278 997 persuadere
2295 950 2434 987 suam
2452 938 2896 1003 sententian13quia
2914 947 3076 991 autem
3095 941 3337 991 obstinate
3356 941 3444 992 dis-

1872 1023 2128 1084 sentirent,
2144 1037 2198 1074 se
2213 1023 2333 1088 ipsis
2350 1026 2711 1078 obsecuturum.
2779 1029 2845 1091 (5)
2865 1030 2946 1078 Sic
2963 1031 3110 1079 etiam
3128 1008 3449 1095 philosophus

1871 1109 1995 1161 inter
2015 1113 2246 1163 convivas
2276 1127 2372 1164 non
2406 1114 2717 1167 admittentes
2748 1116 2902 1180 ipsius
2934 1118 3225 1180 orationem,
3260 1122 3446 1167 mutato

1871 1197 2095 1248 instituto
2117 1200 2178 1249 iis
2201 1213 2383 1250 morem
2404 1207 2566 1266 geret,
2585 1202 2636 1252 in
2655 1216 2920 1267 eorumque
2939 1204 3122 1254 ratione
3144 1220 3196 1257 se
3224 1203 3439 1256 contine·

1870 1283 1967 1345 bit,
1986 1288 2225 1349 quatenus
2251 1286 2425 1339 decoro
2458 1303 2550 1341 suo
2571 1304 2669 1340 non
2695 1294 2956 1354 repugnat3
2985 1293 3199 1356 scietque
3227 1294 3445 1343 homines

1869 1372 2083 1423 oratione
2096 1372 2169 1422 uti
2181 1373 2504 1425 instrumento
2519 1377 2796 1438 rhetorices,
2806 1378 3132 1443 philosophari
3142 1393 3286 1444 posse
3300 1381 3444 1430 etiam

1871 1461 2104 1522 tacentes,
2123 1459 2367 1523 jocantes,
2390 1464 2538 1525 atque
2566 1462 2687 1512 adeo
2715 1462 2930 1514 dicteriis
2955 1464 3201 1528 impetitos
3224 1470 3275 1516 et
3296 1465 3444 1530 impe·

1872 1550 2045 1597 tentes.
2112 1548 2181 1611 (o)
2207 1552 2314 1600 Non
2336 1550 2463 1600 enim
2493 1550 2638 1601 modo
2661 1554 2879 1602 extrema
2904 1557 2979 1603 est
3006 1553 3268 1616 injustitia,
3297 1557 3353 1605 ut
3379 1561 3446 1604 nit

1871 1631 2036 1694 Plato,
2068 1632 2255 1695 iustum
2294 1635 2445 1686 videri
2469 1651 2622 1700 quum
2654 1652 2751 1688 non
2782 1640 2876 1702 sis;
2912 1638 2996 1689 sed
3022 1639 3167 1691 etiam
3198 1641 3444 1703 sapientiae

1872 1734 2103 1784 summas,
2126 1724 2455 1789 philosophari
2478 1726 2545 1775 ita
2573 1732 2628 1775 ut
2646 1728 2739 1778 hoc
2756 1742 2852 1777 non
2878 1727 3088 1777 videaris
3108 1742 3249 1792 agere
3264 1765 3277 1789 ,
3302 1735 3351 1779 et
3374 1730 3444 1779 lu-

1871 1807 2064 1861 dentem
2083 1824 2162 1862 res
2179 1813 2331 1864 serias
2348 1813 2599 1866 conticere.
2667 1816 2735 1879 (7)
2759 1821 2916 1878 Atque
2942 1819 2997 1867 ut
3015 1817 3216 1868 Bacchoe
3238 1819 3446 1867 inermes

1872 1899 2000 1962 apud
2024 1900 2303 1964 Euripidem
2317 1938 2333 1963 ,
2353 1905 2404 1953 et
2421 1902 2547 1954 ferro
2564 1910 2811 1966 carentes,
2838 1906 3069 1968 thyrsulis
3086 1906 3189 1957 suis
3208 1907 3381 1956 feriunt
3397 1909 3443 1956 et

1870 1988 2086 2039 sauciant
2102 2003 2187 2040 eos
2204 2004 2329 2054 quos
2359 1990 2642 2043 adoriuntur
2667 2008 2680 2042 :
2707 1994 2775 2042 ita
2801 2007 3025 2044 verorum
3050 1994 3445 2058 philosophorum

1870 2078 1920 2125 et
1951 2076 2076 2125 sales
2102 2083 2151 2127 et
2174 2079 2301 2129 risus
2332 2093 2441 2141 eos,
2465 2082 2549 2144 qui
2573 2095 2667 2131 non
2702 2082 2843 2145 plane
2866 2086 2982 2132 sunt
3014 2082 3222 2146 stupidi,
3250 2087 3445 2133 movent

1874 2164 2035 2229 aliquo
2055 2166 2199 2217 modo
2218 2174 2268 2219 at
2284 2169 2631 2232 circumagunt.

1936 2554 2020 2601 lv.
2057 2553 2291 2604 Existimo
2313 2554 2461 2605 etiam
2483 2556 2728 2621 quoddam
2762 2558 3002 2609 conviviis
3031 2561 3444 2612 accommodatum

1875 2652 1983 2691 esse
2012 2642 2337 2692 narrationum
2361 2658 2515 2708 genus
2552 2660 2568 2696 ε
2592 2659 2799 2710 quarum
2824 2647 2941 2698 alias
2974 2648 3176 2699 historia
3208 2651 3444 2713 suggerit,

1875 2728 1993 2779 alias
2014 2744 2205 2781 sumere
2220 2745 2248 2781 e
2265 2733 2410 2782 rebus
2422 2736 2784 2786 occurrentibus
2799 2735 2928 2797 licet,
2945 2738 3094 2787 multa
3108 2738 3447 2802 philosophicae

1874 2816 2107 2869 doctrinae
2141 2821 2386 2885 exempla,
2423 2823 2576 2873 multa
2607 2825 2802 2888 pietatis
2835 2825 3067 2878 babentes
3078 2862 3094 2889 ,
3139 2828 3447 2891 studiumque

1874 2907 2134 2958 aemulandi
2149 2908 2274 2960 sacta
2286 2910 2463 2975 partim
2473 2911 2659 2963 sortiter
2666 2917 2715 2964 et
2725 2916 3045 2979 magnanime,
3055 2917 3234 2979 partim
3247 2916 3447 2979 benigne

1874 2995 2221 3060 etbumaniter,
2232 2998 2563 3061 ingenerantes
2575 3016 2588 3050 :
2601 3002 2779 3065 quibus
2788 3003 2829 3053 si
2839 3003 2951 3069 quis
2964 3003 3093 3069 apud
3104 3005 3447 3069 necopinantes

1875 3083 2132 3148 quicquam
2156 3086 2251 3136 tale
2275 3090 2453 3148 utatur,
2479 3089 2523 3139 ls
2545 3089 2767 3141 bibentes
2787 3097 3018 3157 tanquam
3036 3092 3326 3157 paedagogus
3348 3108 3445 3143 mo·

1874 3162 2066 3235 deraus,
2088 3188 2183 3223 non
2205 3175 2405 3225 minima
2422 3175 2669 3229 ebrietatis
2687 3178 2814 3229 mala
2832 3179 3169 3230 intercluserit.
3238 3181 3305 3244 (2)
3325 3184 3447 3231 Sunt

1875 3262 1958 3324 qui
1973 3262 2200 3326 buglossa
2220 3264 2331 3313 vino
2350 3264 2664 3329 admisceant,
2679 3269 2765 3319 aut
2781 3268 2940 3318 solum
2958 3269 3114 3332 rigent
3132 3270 3446 3322 verbenarum

1875 3349 2275 3415 adiantorumque
2298 3352 2455 3403 succis
2473 3353 2659 3405 imbuta
2682 3369 2832 3419 aqua,
2856 3356 2988 3421 quod
3012 3355 3119 3407 haec
3139 3358 3358 3408 convivis
3380 3358 3427 3406 bi

1876 3436 2113 3489 latitatem
2131 3439 2343 3503 aliquam
2363 3445 2413 3490 et
2430 3441 2708 3492 comitatem
2729 3455 2895 3506 parare
2911 3444 3186 3506 opinantur,
3205 3445 3448 3494 imitantes

1877 3528 2181 3578 Homericam
2206 3529 2463 3592 Helenam,
2484 3544 2595 3596 quoe
2625 3532 2739 3582 vino
2763 3532 3167 3583 medicamentum
3189 3533 3407 3595 injecerit
3432 3548 3445 3581 ε

1878 3616 1927 3664 bi
1957 3629 2054 3666 non
2078 3618 2348 3681 intelligunt
2381 3619 2592 3669 fabulam
2617 3620 2749 3671 illam
2784 3622 2925 3684 longo
2957 3621 3128 3672 itinere
3158 3635 3218 3671 ex
3244 3626 3449 3685 AEgypto

1880 3718 2033 3769 usque
2051 3705 2309 3757 deductam
2322 3744 2337 3769 ,
2364 3707 2557 3759 tandem
2580 3709 2629 3758 in
2651 3723 2900 3759 sermones
2922 3710 3121 3761 decoros
3143 3712 3193 3761 et
3209 3709 3449 3772 elegantes

1876 3792 2113 3845 desinere.
2179 3795 2245 3859 (3)
2270 3796 2556 3848 Bibentibus
2575 3798 2702 3847 enim
2721 3804 2883 3849 narrat
2901 3799 3080 3848 Helena
3098 3798 3158 3847 de
3179 3799 3349 3862 Ulysse
3362 3836 3376 3861 ,

1987 4069 2186 4116 infracta
2206 4076 2433 4128 quantum
2454 4073 2659 4119 tolerarit
2677 4074 2831 4118 mente
2847 4071 3050 4116 laborem
3066 4106 3078 4127 ,

1985 4151 2131 4196 quum
2152 4152 2202 4184 se
2221 4141 2490 4187 verberibus
2510 4141 2629 4187 loede
2647 4142 2886 4187 multasset
2903 4140 3080 4186 acerbis
3104 4156 3117 4186 ε

1879 4237 1971 4287 hoc
1988 4238 2116 4287 enim
2135 4238 2252 4298 suit,
2278 4244 2331 4287 ut
2350 4254 2579 4303 apparere
2605 4238 2814 4301 videtur,
2840 4238 2959 4288 illud
2981 4252 3237 4290 moerorem
3255 4240 3450 4291 abolens

1879 4310 2143 4373 nepenthes
2166 4309 2570 4361 medicamentum
2586 4347 2600 4371 ,
2624 4323 2916 4372 omnemque
2948 4310 3182 4360 amoliens
3205 4310 3418 4360 dolorem
3433 4349 3446 4370 ‚

1878 4381 2032 4431 oratio
2059 4382 2287 4444 praesenti
2317 4383 2383 4433 rei
2408 4387 2455 4431 et
2479 4381 2732 4430 eventibus
2758 4382 3137 4430 accommodata.
3208 4382 3274 4444 (4)
3305 4386 3451 4432 Porro

1878 4457 2041 4501 autem
2076 4452 2362 4512 elegantiore
2397 4452 2617 4503 doctrina
2652 4450 2840 4515 praediti
2871 4452 3118 4515 homines,
3142 4453 3288 4502 etiam
3315 4454 3357 4502 si
3386 4454 3450 4502 ita

1880 4522 2294 4586 philosophentur,
2330 4527 2386 4571 ut
2406 4522 2456 4571 id
2481 4536 2579 4586 proe
2612 4536 2664 4571 se
2698 4521 2830 4571 baud
2861 4522 3065 4573 obscure
3087 4524 3266 4582 ferant,
3293 4527 3449 4572 tamen

1878 4594 2092 4643 oratione
2113 4592 2348 4656 probabili
2366 4599 2415 4643 et
2434 4594 2494 4643 ad
2514 4592 2902 4656 persuadendum
2923 4599 3034 4657 apta
3054 4593 3207 4654 magis
3233 4595 3448 4658 utuntur,

1878 4677 2024 4728 quam
2041 4664 2269 4714 violentia
2286 4665 2772 4715 demonstrationum.
2839 4664 2907 4728 (5)
2931 4665 3075 4715 Vides
3092 4665 3219 4716 enim
3244 4669 3297 4713 ut
3318 4665 3450 4714 Plato

1881 4747 1929 4796 in
1954 4746 2188 4796 convivio
2220 4747 2281 4796 de
2309 4746 2402 4797 fine
2423 4746 2694 4809 disserens,
2719 4753 2768 4798 et
2791 4747 2852 4797 de
2875 4748 3028 4810 primo
3051 4747 3204 4807 bonu,
3236 4747 3448 4795 omnino·

1879 4834 1976 4884 que
2000 4833 2076 4870 res
2108 4820 2298 4870 divinas
2326 4826 2567 4882 tractans,
2591 4822 2756 4871 tamen
2779 4835 2875 4871 non
2906 4818 3122 4870 intendat
3157 4820 3447 4869 demonstra-

1880 4896 2058 4945 tionem
2073 4932 2088 4956 ,
2121 4909 2278 4959 neque
2300 4911 2435 4947 more
2457 4911 2547 4947 suo
2568 4897 2853 4947 luctator-vin
2883 4896 3056 4946 referat
3070 4931 3084 4956 ,
3105 4896 3189 4959 qui
3213 4895 3382 4944 validis
3402 4902 3448 4943 et

1882 4971 2236 5021 inevitabilibus
2267 4972 2597 5023 adversarium
2628 4972 2921 5032 constringat
2943 4970 3176 5031 nexibuS,
3209 4970 3295 5020 sed
3333 4969 3448 5018 mol-

1882 5045 2081 5095 lioribus
2111 5046 2463 5110 sumtionibus‚
2496 5046 2731 5109 exemplis
2761 5059 2818 5093 ac
2849 5044 3022 5093 rabulis
3054 5042 3195 5093 tidem
3228 5041 3445 5091 mnvivis

1831 5102 1846 5153 ¹
1884 5119 2039 5168 saciat.

3148 5183 3217 5221 ⁴7.
