3709 5609
184 147 279 196 (ῡιδ,
306 143 359 180 F.
387 143 487 189 ῢὶῡ,
514 123 689 197 itt—C)

856 115 1468 191 <guassinum
1529 76 2160 194 com-mmm
2212 114 2371 173 Lm.
2430 84 2548 190 ιιι,
2597 125 2649 173 2.

3201 21 3225 32 x

3256 127 3369 177 78⁷

178 252 353 312 κιττόν·
458 253 521 327 (τ)
555 248 667 308 ὅθεν
696 251 733 306 ὁ
761 221 1005 328 φίλτατος
1033 245 1277 312 Διόνυσος
1305 247 1405 323 οὐχ
1430 249 1500 309 ὼς
1531 241 1715 324 βοηθὸν
1811 255 1860 299 et
1874 252 2018 311 calor,
2035 224 2225 302 sicutet
2244 252 2485 302 hederam.
2555 255 2620 317 (7)
2641 254 2846 303 Proinde
2862 255 3140 305 carissimus
3156 257 3377 306 Bacchus

177 341 248 398 ἐπὶ
270 340 364 410 τὴν
393 340 578 417 μέθην,
611 337 718 395 οὐδ’
745 341 816 403 ὡς
841 335 1090 412 πολέμιον
1133 339 1210 415 τῷ
1239 333 1389 414 οἴνῳ,
1427 332 1514 390 τὸν
1548 331 1719 390 κιττὸν

178 429 449 507 ἐπήγαγεν·
479 428 534 493 ὅς
562 449 621 505 γε
647 424 737 484 τὸν
767 424 1012 504 ἄκρατον,
1040 423 1279 502 ἄντικρυς
1311 419 1467 498 μέθυ,
1499 419 1589 478 καὶ
1622 443 1719 495 με·-

176 524 402 594 θυμναῖον
433 514 586 581 αὐτὸς
615 515 772 573 αὑτὸν
795 513 1085 590 ὠνόμασεν.
1171 512 1233 588 (8)
1267 508 1425 568 Ἀλλά
1456 530 1544 586 μοι
1582 509 1725 566 δοκεῖ

133 634 152 669 5
177 603 394 685 καθάπερ
422 606 471 662 οῖ
501 603 747 684 φίλοινοι,
779 600 854 679 μὴ
884 600 1139 681 παρόντος
1169 596 1484 676 ἀμπελίνου,
1514 596 1722 677 κριθίνῳ

177 698 386 773 χρῶνται
409 688 646 767 πόματι,
678 688 767 747 καὶ
801 687 1025 766 μηλίτας
1048 684 1219 762 τινὰς,
1251 687 1298 744 οἱ
1327 682 1382 742 δὲ
1418 683 1724 765 φοινικίνους

178 782 318 848 οἴνους
353 786 620 838 ποιοῦσιν·
653 776 789 836 οὕτω
819 777 910 835 καὶ
947 781 974 834 6
1000 778 1172 833 ποθῶν
1201 777 1460 852 χειμῶνος
1495 770 1608 851 ὥρα
1635 770 1722 828 τὸν

180 870 269 929 ἀπὸ
302 875 390 943 τῆς
425 866 667 946 ἀμπέλου
703 864 976 946 στέφανον,
1015 868 1084 930 ὥς
1112 862 1313 934 ἐκείνην
1350 861 1487 942 ἑώρα
1519 858 1723 938 γυμνὴν

181 960 256 1018 καὶ
285 959 528 1038 ἄφυλλον,
559 960 838 1034 ἀγαπῆσαι
858 954 955 1025 τὴν
985 951 1270 1032 ὁμοιότητα
1297 955 1388 1009 τοῦ
1413 955 1608 1008 κιττοῖἱ.
1656 951 1721 1027 (a)

118 1069 156 1104 ιο
178 1048 269 1108 Καὶ
296 1046 391 1128 γὰρ
418 1052 510 1105 τοῦ
540 1043 811 1121 κλήματος
829 1041 891 1101 τὸ
919 1042 1160 1106 ἑλικῶδες
1186 1045 1341 1098 τοῦτο
1368 1036 1460 1096 καὶ
1490 1036 1725 1118 σφαλλό-

177 1158 310 1212 μενον
335 1137 387 1192 ἐν
413 1138 483 1213 τῇ
513 1130 728 1214 πορεία,
755 1130 847 1189 καὶ
868 1135 960 1188 τοῦ
988 1127 1216 1186 πετάλου
1245 1126 1305 1184 τὸ
1331 1125 1486 1207 ὑγρὸν
1510 1123 1600 1184 καὶ
1628 1148 1726 1182 πε-

177 1222 496 1303 ρικεχυμένον
539 1220 805 1291 ἀτάκτως,
850 1218 1084 1296 μάλιστα
1130 1216 1174 1274 δ’
1204 1215 1357 1281 αὐτὸς
1397 1218 1426 1273 6
1467 1211 1727 1293 κόρυμὸος

174 1312 358 1393 ὄμφακι
384 1311 570 1389 πυκνῷ
592 1306 683 1366 καὶ
709 1304 1021 1388 περκάζοντι
1046 1300 1391 1385 προσεοικὼς,
1422 1299 1726 1379 ἐκμεμίμη-

174 1424 245 1458 ται
263 1398 361 1470 τὴν
385 1402 481 1469 τῆς
504 1395 746 1474 ἀμπέλου
772 1393 1021 1453 διάθεσιν.
1109 1394 1196 1468 (ιο)
1223 1391 1304 1450 Οὖ
1332 1387 1437 1465 μὴν
1463 1386 1600 1445 ἀλλὰ
1626 1385 1725 1445 κᾶν

119 1507 153 1543 15
180 1491 325 1567 βοηθῇ
353 1510 407 1545 τι
433 1484 563 1567 πρὸς
591 1483 755 1562 μέθην
781 1485 809 1541 6
835 1480 1034 1554 κιττὸς,
1069 1477 1352 1560 θερμότητι
1382 1482 1536 1535 τοῦτο
1558 1479 1726 1533 ποιεῖν

177 1577 394 1656 φήσομεν
411 1572 590 1646 αὐτὸν,
612 1571 883 1650 ἀνοίγοντα
897 1568 1016 1636 τοὺς
1030 1567 1217 1649 πόρους
1231 1611 1249 1643 ,
1266 1564 1300 1636 ἢ
1317 1562 1727 1655 συνεκπέττοντα

178 1668 359 1741 μᾶλλον
382 1664 474 1722 τὸν
504 1661 758 1742 ἄκρατον·
787 1657 873 1717 ἵνα
900 1658 993 1717 καὶ
1022 1657 1153 1735 μένῃ
1185 1653 1281 1724 σὴν
1309 1653 1485 1735 χάριν,
1507 1656 1552 1711 ὠ
1583 1651 1728 1733 Τρύ-

179 1778 294 1834 φων,
323 1751 497 1832 ἰατρὸς
526 1754 554 1808 6
575 1747 840 1815 Διόνυσος.

247 1845 319 1902 11.
360 1840 505 1921 Πρὸς
527 1843 695 1897 ταῦτα
718 1841 746 1895 6
767 1834 861 1914 μὲν
883 1832 1110 1915 Τρύφων
1142 1832 1341 1909 ἄφωνος
1362 1822 1446 1904 ἦν,
1478 1829 1617 1897 ὅπως
1637 1832 1726 1888 ἀν-

119 1964 158 2000 20
178 1929 329 1989 τείποι
352 1926 726 2005 σκεπτόμενος·
751 1927 781 1956 '¹⁴
810 1929 838 1982 6
862 1924 906 1981 δ’
935 1921 1177 2004 Ἐράτων
1201 1919 1424 1978 ἕκαστον
1449 1922 1599 1997 ἡμῶν
1624 1923 1726 1977 τῶν

181 2018 295 2077 νέων
325 2013 771 2092 ἀνακαλούμενος,
794 2011 993 2071 ἐκέλευε
1023 2014 1228 2089 βοηθεῖν
1254 2012 1332 2087 τῷ
1354 2006 1601 2089 Τρύφωνι
1624 2011 1728 2065 τῶν

184 2105 452 2186 στεφάνων,
479 2103 516 2175 ἢ
540 2102 659 2169 τοὺς
686 2099 966 2182 στεφάνους
995 2097 1359 2156 ἀποτίθεσθαι·
1395 2095 1485 2153 καὶ
1510 2095 1726 2173 Ἀμμώ-

182 2218 276 2260 νιος
305 2193 397 2274 ἔφη
417 2189 670 2269 παρέχειν
695 2187 894 2259 ἄδειαν,
920 2188 978 2245 οὗ
1003 2184 1104 2264 γὰρ
1131 2187 1362 2265 ἀντερεῖν
1391 2174 1466 2250 οἷς
1495 2182 1558 2241 ἃν
1579 2188 1731 2260 ἡμεῖς

185 2285 410 2357 εἴπωμεν.
459 2283 519 2356 (2)
549 2276 707 2338 Οὕτω
727 2274 790 2347 δὴ
817 2275 908 2334 καὶ
931 2280 1022 2333 τοῦ
1046 2273 1328 2355 Τρύφωνος
1352 2271 1732 2339 ἐπικελεύοντος

123 2406 161 2438 2³.
185 2373 332 2427 εἰπεῖν
352 2393 401 2425 τι
417 2413 434 2444 ,
459 2366 554 2433 τὰς
585 2364 678 2442 μὲν
711 2362 1024 2433 ἀποδείξεις,
1047 2361 1246 2442 ψυχρὸν
1273 2352 1405 2451 εἶναι
1428 2359 1514 2417 τὸν
1539 2359 1731 2432 κιττὸν,1

185 2461 269 2515 οὐκ
289 2456 407 2534 ε’μὸν
426 2455 602 2535 [ἔφ]ην
618 2452 786 2533 ἔργον,
808 2450 945 2509 ἀλλὰ
969 2449 1269 2532 Τρύφωνος·
1299 2452 1445 2515 οὗτος
1468 2447 1570 2529 γὰρ
1590 2450 1733 2522 αὐτῷ

185 2545 384 2625 ψύχοντι
405 2543 497 2601 καὶ
521 2540 768 2621 στύφοντι
789 2538 962 2598 πολλὰ
981 2543 1205 2619 χρῆται·
1229 2542 1332 2596 τῶν
1361 2536 1404 2594 δ’
1425 2535 1734 2617 εἰρημένων,Ἰ

188 2634 322 2712 ἔφην,
357 2632 416 2691 τὸ
455 2630 551 2708 μὲν
592 2627 866 2707 μεθύσκειν
894 2626 1064 2686 κιττὸν
1107 2625 1228 2705 οἴνῳ
1269 2624 1596 2702 μιγνύμενον,
1641 2627 1736 2683 οὖν.

190 2719 356 2794 ἀληθές
382 2723 548 2777 ἐστιν·
668 2718 727 2792 (a)
771 2715 799 2774 ὃ
829 2713 930 2794 γὰρ
961 2717 1168 2792 ἐμποιεῖ
1195 2714 1300 2780 τοῖς
1332 2718 1510 2770 πιοῦσι
1546 2710 1735 2785 πάθος,

126 2841 168 2873 τω
190 2813 239 2867 οὐ
275 2809 427 2887 μέθην
457 2807 519 2865 ἄν
550 2830 627 2873 τις
656 2804 819 2875 εἴποι,
844 2800 1083 2885 ταραχὴν
1115 2800 1170 2860 δὲ
1193 2801 1283 2860 καὶ
1309 2798 1736 2881 παραφροσύνην,

192 2888 282 2954 οἷον
316 2894 608 2972 ὑοσκύαμος
641 2894 874 2970 ἐμποιεῖ,
904 2889 996 2948 καὶ
1021 2888 1194 2948 πολλὰ
1216 2894 1461 2959 τοιαῦτα,
1494 2894 1737 2947 κινοῦντα

197 2988 406 3058 μανικῶς
441 2982 539 3053 τὴν
568 2982 818 3040 διάνοιαν.
905 2980 966 3057 (4)
1005 2978 1070 3037 Ὁ
1099 2976 1154 3036 δὲ
1185 2982 1276 3035 τοῦ
1303 2976 1571 3052 κλήματος
1595 2999 1738 3037 σπα-

198 3072 310 3147 σμὸς
346 3070 528 3149 ἄλογός
565 3070 702 3128 ἔστι·
746 3072 914 3126 ταῦτα
950 3065 1052 3145 γὰρ
1089 3065 1238 3145 παρὰ
1275 3063 1428 3145 φύσιν
1468 3062 1620 3145 ἔργα]
1635 3067 1739 3123 τῶν

198 3158 321 3216 κατὰ
340 3159 485 3239 φύσιν
512 3154 784 3233 δυνάμεων
807 3158 902 3214 οὔκ
920 3153 1059 3213 ἔστιν
1073 3177 1087 3190 ·
1114 3151 1250 3212 ἀλλὰ
1273 3152 1363 3211 καὶ
1385 3150 1453 3209 τὰ
1477 3151 1604 3219 ξύλα
1627 3153 1741 3210 δια-

131 3278 174 3312 35,
202 3247 479 3327 στρέφεται,
509 3252 600 3305 τοῦ
624 3243 785 3325 πυρὸς
814 3243 876 3301 τὸ
913 3240 1066 3323 ὑγρὸν
1091 3240 1332 3307 ἕλκοντος
1352 3240 1402 3308 ἐξ
1427 3242 1599 3299 αὐτῶν
1627 3240 1741 3322 βίᾳ,

202 3334 496 3413 κυρτότητας
530 3333 752 3412 ἴσχοντα
789 3330 880 3390 καὶ
916 3328 1270 3411 παραὸάσεις·
1310 3328 1370 3387 τὸ
1411 3328 1466 3385 δὲ
1503 3328 1743 3406 συγγενὲς

204 3424 369 3503 θερμὸν
393 3422 559 3491 αὔξειν
589 3422 682 3481 καὶ
712 3420 914 3502 τρέφειν
949 3420 1165 3498 πέφυκε.
1253 3419 1316 3496 (5)
1354 3416 1554 3478 Σκόπει
1583 3417 1637 3476 δὲ
1666 3418 1739 3495 μὴ

207 3513 382 3586 μᾶλλον
413 3509 678 3593 ἀῤῥωστία
707 3532 781 3576 τις
809 3508 899 3568 καὶ
930 3507 1196 3590 ψυχρότης
1226 3504 1469 3584 σώματος
1491 3505 1549 3565 τὸ
1574 3509 1740 3565 πολυ-

206 3598 387 3677 καμπὲς
410 3598 499 3658 καὶ
519 3596 848 3678 χαμαιπετὲς
870 3595 1117 3678 πέφυκεν,
1144 3593 1513 3677 [ἀντερείῙσεις
1544 3594 1744 3662 πυκνὰς

140 3718 185 3753 ιι.
207 3687 284 3744 καὶ
304 3686 574 3754 ἀντικοπὰς
599 3685 984 3764 λαμὸάνοντος,
1003 3683 1182 3764 ὥσπερ
1207 3681 1479 3764 ὁδοιπόρου
1500 3684 1563 3741 δι’
1592 3682 1742 3742 ἀσθέ-

207 3798 328 3833 νειαν
355 3775 602 3841 πολλάκις
631 3771 1058 3845 ἀποκαθίζοντος,
1092 3764 1205 3830 εἶτα
1242 3769 1401 3829 πάλιν
1431 3770 1742 3851 ἐρχομένου·

207 3863 275 3922 διὸ
324 3866 408 3922 καὶ
447 3865 772 3946 περιπλοκῆς
821 3863 986 3920 δεῖται
1029 3860 1120 3919 καὶ
1169 3858 1545 3940 στηρίγματος,
1593 3860 1746 3926 αὐτὸς

208 3953 367 4011 ἑαυτὸν
395 3952 594 4032 ἀνέχειν
624 3950 716 4011 καὶ
742 3951 988 4028 ποδηγεῖν
1020 3951 1287 4008 ἀδυνατῶν
1319 3948 1382 4006 δι’
1412 3946 1608 4007 ἔνδειαν
1639 3953 1747 4028 θερ-

209 4039 431 4115 μότητος,
457 4033 518 4112 ἧς
551 4039 615 4099 τὸ
656 4039 914 4121 ἀνωφερὲς
951 4036 1168 4115 δύναμίς
1208 4040 1367 4097 ἐστιν.
1469 4038 1531 4115 (6)
1577 4035 1647 4097 ‘H
1691 4036 1745 4095 δὲ

145 4151 184 4187 45
206 4129 320 4205 χιὼν
340 4132 549 4212 ἀπορρεῖ
568 4128 661 4187 καὶ
682 4126 1023 4210 περιτήκεται
1044 4125 1107 4183 δι’
1133 4123 1393 4206 ὑγρότητα
1411 4131 1500 4183 τοῦ
1522 4126 1717 4206 φύλλου
1733 4150 1744 4161 ·

209 4216 370 4296 τὸγὰρ
395 4217 529 4300 ὕδωρ
559 4218 829 4277 σὸἐννυσιν
855 4217 1018 4287 αὐτῆς
1045 4213 1135 4273 καὶ
1159 4212 1343 4272 κόπτει
1368 4210 1466 4284 τὴν
1487 4211 1745 4292 χαυνότη-

213 4326 295 4374 τα,
322 4305 404 4363 ἅτε
433 4311 628 4387 μικρῶν
652 4296 813 4365 οὖσαν
836 4304 926 4363 καὶ
951 4307 1161 4362 πυκνῶν
1189 4302 1448 4383 ἄθροισμα
1474 4301 1748 4383 πομφολύ-

220 4415 332 4463 -frws-
360 4395 456 4451 Eriza
488 4399 609 4475 [οὐχ
637 4387 817 4471 ἧττον]
853 4395 901 4451 ἐν
929 4399 1034 4458 τοῖς
1060 4390 1397 4471 περιψύκτοις
1427 4388 1624 4471 σφόδρα
1658 4390 1751 4449 καὶ

224 4491 416 4559 νοτεροῖς
448 4487 649 4551 τόποις,
693 4483 729 4551 ἦ
773 4487 873 4547 τοῖς
913 4478 1229 4559 προσείλοις,
1269 4482 1322 4537 αἱ
1356 4476 1527 4558 χιόνες
1557 4476 1746 4557 ῥέουσι.

164 4603 192 4619 .ι
244 4591 280 4627 ῖε
312 4571 380 4627 Το
408 4575 444 4627 ‘3¹
476 4571 709 4639 ἀειθαλὲς
741 4579 889 4627 τοῦτο
921 4571 1034 4643 καὶ,
1070 4568 1139 4636 ὥς
1166 4591 1320 4649 φησιν
1350 4568 1748 4646 Ἐμπεδοκλῆς,

1810 339 1934 388 hanc
1965 350 2061 388 non
2091 342 2142 389 ut
2171 341 2404 390 auxilium
2440 340 2673 391 adversus
2703 341 2982 393 ebrietatem
3016 343 3260 405 adhibuit,
3294 347 3378 395 aut

1809 433 2038 490 tanquam
2055 429 2167 479 vino
2177 429 2449 492 adversam,
2468 430 2553 493 qui
2572 443 2759 480 merum
2779 432 2841 480 ab
2850 430 3128 481 inebriando
3143 431 3377 494 (μεθύσαι)

1809 521 1971 579 aperte
1996 518 2192 580 inclity,
2227 512 2277 568 ct
2296 531 2403 569 sese
2438 519 2815 581 Metliymuaeum
2845 520 3118 583 appellavit.
3188 522 3252 582 (8)
3285 521 3379 571 Sed

1811 605 1928 653 mihi
1948 605 2112 656 videtu
2119 620 2158 667 r,
2178 606 2587 669 quemadmodum
2602 607 2760 657 vinosi
2782 620 2895 658 vero
2910 608 3128 658 destituti
3145 610 3258 657 vino
3276 610 3383 658 hor-

1811 692 1986 742 deaceo
2005 698 2208 743 utuntur
2226 697 2342 758 potu
2359 731 2373 756 ,
2394 700 2443 744 et
2469 710 2497 746 e
2525 696 2663 745 malis
2685 701 2770 745 aut
2796 697 3019 759 palmulis
3042 698 3264 759 quoedam
3289 698 3381 747 sibi

1812 783 1925 831 vina
1938 783 2195 832 conficiunt
2219 799 2231 833 :
2258 784 2324 832 ita
2342 785 2427 848 qui
2446 784 2604 834 hieme
2618 784 2912 834 desideraret
2929 786 3107 835 viteam
3126 799 3352 835 coronam
3368 823 3382 848 ‚

1814 869 1896 918 uhi
1917 870 2093 919 nudam
2113 876 2162 920 et
2188 871 2312 921 soliis
2341 884 2543 921 vacuam
2571 872 2695 922 vidit
2719 872 2898 935 vitem,
2927 873 2990 922 ob
3020 874 3381 924 similitudinem

1814 958 2123 1009 hederaceam
2143 961 2411 1023 amplexus.
2480 961 2547 1024 (9)
2572 963 2691 1010 Nam
2708 964 2757 1010 et
2779 962 2989 1024 palmitis
3008 962 3234 1025 ambages
3256 963 3382 1023 istae,

1813 1048 2078 1112 lubricique
2090 1049 2138 1098 in
2155 1048 2498 1112 progrediendo
2512 1050 2724 1099 ambitus
2737 1054 2881 1113 atque
2896 1050 3077 1113 lapsuS,
3093 1052 3143 1099 et
3164 1051 3383 1101 foliorum

1814 1136 1982 1186 flexilis
2004 1141 2150 1200 atque
2167 1137 2439 1187 inordinata
2469 1138 2774 1188 circumfusio
2787 1174 2802 1200 ,
2823 1144 2872 1189 et
2893 1139 3107 1187 maxime
3124 1139 3386 1201 corymbus

1815 1225 1918 1287 ipse
1933 1237 2041 1273 uvae
2060 1225 2349 1286 immaturae,
2370 1225 2533 1276 densae
2546 1226 2744 1289 jamque
2757 1226 2966 1276 colorem
2980 1227 3176 1276 ducenti
3192 1227 3384 1288 similis,

1815 1312 1930 1361 vitis
1961 1313 2162 1362 toi-mam
2198 1314 2468 1364 imitantur.
2538 1315 2638 1377 (10)
2670 1315 2799 1372 Quin
2827 1316 2971 1364 etiam
3005 1315 3049 1364 si
3077 1315 3194 1378 quid
3219 1321 3387 1365 contra

1815 1400 2094 1451 ebrietatem
2116 1402 2231 1451 facit
2251 1403 2427 1452 hedera
2441 1439 2455 1463 ‚
2485 1403 2641 1452 calore
2662 1403 2711 1452 id
2730 1418 2836 1453 eam
2858 1417 2946 1452 suo
2966 1404 3119 1453 tacere
3139 1403 3354 1454 dicemus
3371 1442 3385 1464 ‚

1815 1494 2104 1551 aperientem
2137 1492 2355 1551 meatus,
2388 1494 2475 1540 aut
2505 1492 2666 1554 potius
2702 1492 3059 1541 concoctionem
3097 1492 3215 1541 meri
3255 1492 3386 1554 adju·

1814 1582 1959 1627 vante
1986 1584 2072 1627 :ut
2100 1584 2237 1628 tuam
2256 1580 2304 1629 in
2333 1581 2533 1641 gratiam
2551 1579 2795 1640 BacchuS,
2834 1595 2863 1629 o
2881 1580 3136 1643 Tryphon,
3175 1580 3388 1630 medicus

1815 1669 2020 1715 maneat.

1880 1854 1940 1901 11.
1975 1852 2045 1901 Ad
2072 1852 2177 1902 haec
2199 1866 2368 1901 vocem
2398 1852 2651 1902 cohibente
2674 1852 2956 1916 Tryphone,
2981 1859 3030 1902 et
3052 1852 3169 1915 quid
3200 1868 3391 1917 respon-

1816 1940 1952 1989 deret
1969 1939 2246 1999 meditante,
2265 1943 2443 1990 Eraton
2462 1941 2678 2003 juniores
2696 1954 2785 1989 nos
2798 1941 3073 2003 singulatim
3093 1943 3392 2005 compellans

1817 2028 2116 2089 hortabatur,
2154 2036 2207 2077 ut
2231 2031 2316 2077 aut
2334 2029 2641 2091 Tryphonem
2679 2042 2766 2091 pro
2784 2030 2974 2078 coronis
3011 2033 3391 2093 propugnantem

1817 2116 2175 2176 adjuvaremus,
2211 2122 2302 2164 -aut
2342 2129 2543 2164 coronas
2580 2115 2947 2179 deponeremus.
3014 2121 3076 2166 Et
3108 2118 3394 2167 Ammonius

1818 2203 2120 2253 securitatem
2143 2203 2453 2263 ostendebat,
2484 2203 2708 2266 pollicens
2731 2204 2846 2252 nihil
2876 2218 2927 2253 se
2955 2204 3197 2254 dicturum
3223 2205 3390 2254 adver·

1820 2306 1903 2340 sus
1935 2306 1993 2341 ea
2012 2305 2121 2354 quae
2143 2292 2575 2354 proposuissemus.
2642 2292 2707 2353 (2)
2747 2296 2912 2354 ltaque
2927 2328 2941 2351 ,
2977 2306 3130 2355 quum
3162 2293 3390 2355 Tryphon

1820 2381 1964 2429 etiam
1983 2379 2256 2429 hortaretur
2280 2379 2340 2429 ad
2368 2379 2651 2439 dicendum,
2675 2383 3039 2441 Demonstrare‚
3061 2380 3256 2442 inquam
3276 2395 3392 2443 ego,

1823 2466 2048 2515 hederam
2068 2479 2176 2517 esse
2191 2466 2427 2528 frigidam,
2451 2481 2548 2515 non
2566 2470 2643 2516 est
2656 2480 2775 2516 meae
2791 2480 2967 2530 operae,
2983 2468 3069 2517 sed
3083 2469 3356 2532 Tryphonis
3378 2486 3389 2518 :

1827 2556 1868 2603 is
1882 2554 2011 2604 enim
2033 2567 2089 2604 ea
2104 2558 2159 2604 ut
2182 2555 2331 2618 frigus
2350 2554 2605 2604 inducente
2623 2568 2679 2604 ac
2699 2555 2907 2618 stipante
2921 2556 3196 2617 frequenter
3216 2558 3391 2607 utitur.

1823 2646 2051 2693 Ceterum
2071 2656 2132 2692 ex
2142 2643 2220 2692 his
2236 2656 2349 2706 quae
2369 2643 2495 2692 dicta
2512 2648 2625 2693 sunt
2641 2680 2655 2705 ,
2678 2642 2911 2693 inebriare
2931 2643 3156 2694 hederam
3178 2646 3291 2695 vino
3309 2647 3394 2695 ad·

1823 2731 2027 2780 mixtam
2069 2745 2240 2780 verum
2269 2745 2366 2781 non
2394 2737 2484 2781 est.
2554 2731 2620 2795 (3)
2648 2736 2803 2790 Quam
2831 2732 2960 2781 euim
2982 2732 3264 2783 bibentibus
3284 2734 3395 2785 asfe-

1825 2820 2033 2868 ctionem
2055 2819 2193 2868 insert
2206 2857 2220 2882 ,
2235 2833 2334 2868 non
2352 2819 2632 2869 ebrietatem
2652 2825 2782 2870 recte
2806 2819 2984 2870 dixeris
2998 2857 3012 2882 ,
3044 2820 3130 2870 sed
3149 2822 3395 2884 perturba·

1826 2905 2007 2954 tionem
2027 2904 2519 2968 abalienationemque
2546 2908 2753 2972 mentis;
2778 2910 2972 2971 qualem
2996 2910 3230 2961 altercum
3252 2912 3398 2961 etiam

1827 3003 1877 3047 et
1896 2998 2048 3047 multa
2081 3000 2175 3048 alia
2210 2998 2470 3060 inducunt,
2498 2999 2685 3049 insania
2708 3002 2923 3051 animum
2955 3003 3264 3066 exagitantia.
3331 3005 3398 3068 (4)

1829 3090 2027 3140 Avulsio
2046 3096 2208 3140 autem
2237 3090 2450 3152 palmitis
2474 3090 2553 3140 illa
2577 3096 2719 3141 vacat
2747 3092 2930 3142 ratione
2963 3109 2975 3141 :
3004 3093 3111 3143 haec
3135 3095 3265 3145 enim
3292 3109 3401 3157 quae

1829 3186 1996 3233 contra
2020 3190 2239 3232 naturam
2272 3182 2421 3242 fiunt,
2441 3196 2538 3233 non
2558 3188 2674 3233 sunt
2700 3185 3001 3235 naturalibus
3031 3185 3316 3250 imputanda
3344 3187 3402 3236 sa·

1830 3275 2092 3324 cultatibus
2113 3291 2125 3323 :
2147 3275 2231 3324 sed
2250 3276 2300 3324 et
2321 3274 2448 3336 ligna
2467 3279 2747 3338 curvantur,
2769 3277 2878 3339 igue
2902 3278 3154 3329 humorem
3174 3280 3403 3329 educente

1831 3369 1879 3416 vi
1899 3382 1956 3416 ex
1981 3368 2099 3430 ipsis
2117 3368 2185 3417 ita
2202 3369 2422 3417 contorta
2433 3368 2488 3416 et
2510 3366 2705 3418 deviata
2727 3373 2991 3430 :cognatus
3013 3372 3173 3419 autem
3202 3370 3330 3419 calor
3357 3368 3401 3416 id

1831 3464 2003 3507 natura
2021 3457 2167 3505 habet
2189 3459 2245 3505 ut
2262 3457 2436 3518 augeat
2454 3460 2599 3519 atque
2618 3456 2730 3505 alat.
2797 3456 2866 3520 (5)
2890 3463 3047 3521 Atque
3062 3459 3155 3508 hoc
3173 3460 3286 3509 vide
3301 3498 3316 3522 ,
3342 3475 3403 3509 an

1831 3567 1928 3601 non
1949 3551 2203 3600 infirmitas
2225 3551 2386 3613 aliqua
2404 3552 2453 3599 et
2485 3549 2719 3612 frigiditas
2747 3551 2959 3613 corporis
2978 3552 3274 3615 multiplices
3296 3554 3404 3603 illos

1832 3647 1989 3695 flexus
2013 3651 2061 3695 et
2081 3644 2401 3693 humilitatem
2419 3643 2612 3693 hederae
2631 3643 2765 3692 humi
2785 3644 3020 3707 serpentis
3047 3645 3222 3693 efficiat
3246 3651 3406 3696 retusa

1832 3736 2001 3786 crebro
2019 3750 2076 3785 ac
2093 3748 2326 3799 repressa;
2348 3735 2476 3785 sicut
2492 3749 2643 3798 quum
2660 3737 2814 3787 viator
2833 3736 2895 3786 ob
2916 3736 3287 3787 imbecillitatem
3305 3753 3404 3788 cre·

1834 3829 1969 3879 brius
1983 3828 2220 3890 considet,
2239 3828 2413 3879 deinde
2432 3842 2625 3877 rursum
2642 3830 2773 3878 viam
2794 3829 2896 3878 init.
2964 3833 3131 3892 ltaque
3150 3830 3294 3880 etiam
3311 3845 3387 3879 am

1833 3923 1976 3985 plexu
2004 3935 2127 3986 opus
2150 3921 2298 3970 habet
2334 3920 2511 3970 hedera
2543 3925 2591 3970 et
2629 3920 2805 3980 fulcro,
2844 3921 2947 3982 ipsa
2986 3935 3039 3970 se
3070 3927 3336 3971 sustentare
3360 3928 3407 3971 et

1835 4015 2095 4078 producere
2116 4028 2213 4062 non
2231 4012 2395 4062 valens
2417 4013 2481 4062 ob
2505 4012 2715 4076 inopiam
2734 4012 2933 4073 caloriS,
2953 4014 3091 4074 cujus
3118 4019 3193 4062 est
3214 4027 3406 4064 sursum

1834 4108 2019 4157 efferre.
2087 4107 2151 4169 (6)
2173 4106 2263 4155 Nix
2286 4119 2427 4169 porro
2460 4104 2591 4167 quod
2615 4105 2838 4167 liquescit
2856 4109 2907 4153 et
2928 4103 3095 4153 defluit
3114 4106 3174 4154 ab
3200 4105 3404 4166 hedera,

1838 4200 1881 4249 id
1911 4199 1975 4249 ob
1999 4197 2336 4249 humiditatem
2365 4198 2465 4247 solii
2490 4197 2546 4246 sn
2571 4212 2583 4245 ε
2611 4211 2734 4260 aqua
2753 4197 2882 4246 enim
2907 4196 3035 4246 delet
3060 4201 3110 4247 ct
3146 4199 3313 4247 incidit
3344 4203 3408 4249 la-

1839 4293 2043 4342 xitatem
2080 4292 2233 4351 niviS,
2255 4295 2423 4353 utpote
2443 4290 2712 4350 congeriem
2740 4289 3023 4351 exiguarum
3052 4304 3109 4339 ac
3132 4292 3405 4342 crebrarum

1839 4386 2091 4435 bullarum.
2158 4386 2326 4445 Itaque
2350 4383 2398 4430 in
2436 4379 2576 4431 valde
2608 4381 2819 4443 frigidis,
2854 4381 2944 4431 sed
2983 4382 3224 4433 humectis
3265 4383 3407 4433 simul

1840 4479 1963 4528 locis
1985 4478 2068 4527 nix
2090 4491 2185 4525 non
2200 4477 2363 4524 minus
2378 4487 2524 4538 quam
2542 4475 2590 4523 in
2610 4474 2783 4537 apricis
2802 4475 2923 4525 tluit.
2991 4477 3057 4539 (7)
3077 4480 3186 4527 Jam
3211 4476 3289 4526 ille
3308 4490 3407 4540 per-

1839 4570 2014 4630 petuus
2053 4566 2199 4624 viror,
2232 4568 2310 4625 et,
2352 4568 2406 4612 ut
2426 4569 2564 4613 vocat
2597 4563 2936 4627 Empedocles,
2962 4585 2987 4608 ει
3013 4565 3112 4614 folii
3143 4566 3409 4615 constantia

220 4659 236 4713 Ξ
244 4659 597 4731 μπεέόῡιιῑιῖιοο,
625 4663 717 4719 οὐκ,
741 4663 845 4715 ἔστι
873 4657 1207 4731 θεομότητος·
1232 4656 1345 4715 οὐδὲ
1372 4655 1471 4738 γὰρ
1497 4656 1754 4738 ψυχρότη-
1792 4704 1800 4748 Ι
1841 4660 1995 4718 tirma,
2016 4670 2145 4705 »non
2160 4655 2453 4718 estacalore,
2475 4658 2696 4719 utneque
2707 4655 2926 4705 foliorum
2942 4654 3407 4719 delapsusasrigore:

220 4767 290 4811 τις
316 4747 368 4803 τὶ.
392 4723 737 4827 ᾆτιὶῇιῡῇῥοεῖν.
825 4747 889 4807 Ἦ
921 4723 1004 4803 οἷῖι
1037 4743 1256 4825 μυῤῥίνη
1287 4744 1377 4802 καὶ
1404 4743 1464 4801 τὸ
1489 4743 1751 4821 ἀδίαντον,
1840 4764 1953 4799 nam
1974 4753 2161 4810 myrtus
2179 4753 2227 4797 et
2246 4747 2514 4811 adiantum,
2532 4761 2629 4797 non
2653 4748 2805 4798 calida
2824 4751 2929 4798 haec
2945 4785 2959 4809 ,
2979 4749 3064 4798 sed
3085 4748 3271 4811 frigida,
3291 4762 3409 4798 sem·

220 4835 300 4891 οὐκ.
328 4835 440 4891 riv-„21
472 4839 569 4891 τῶν
597 4839 821 4915 θερμῶν,
853 4835 989 4891 ἀλλὰ
1016 4835 1120 4890 τῶν
1145 4835 1383 4911 ψυχρῶν,
1414 4830 1495 4888 ἀεὶ
1518 4828 1750 4900 τέθηλεν.

240 4941 276 4979 .*·ι;
312 4919 464 4979 Ἔνιοι.
488 4927 581 4999 μὲν
609 4915 693 4979 οἶν
721 4919 1004 4999 &gaidv-,et
1033 4918 1265 4999 κράσεως
1289 4917 1485 4977 οἴονται
1506 4918 1753 4999 παραμέ-

1843 4856 1926 4905 per
1944 4842 2115 4891 virent.
2182 4840 2247 4902 (8)
2269 4844 2389 4891 Sunt
2407 4841 2549 4904 igitur
2563 4842 2645 4904 qui
2660 4841 3036 4904 aequabffitatem
3048 4841 3409 4903 temperamenti

1846 4949 1932 4998 pro
1970 4947 2118 4983 causa
2150 4933 2428 4997 adsignant,
2470 4947 2556 4983 cur
2583 4936 2694 4983 t‘ulia
2737 4935 3014 4997 perennent.
3105 4933 3412 4996 Empedocles

3135 5034 3202 5072 co.
