3709 5609
161 291 281 357 {3:53
313 283 501 358 ιιι-εἶς.)

152 422 251 495 τὴν
275 421 734 502 συν,έχειαν,ἀλλὰ
762 424 1042 505 θρύπτεται
1070 426 1159 484 καὶ
1188 426 1490 503 ἀπολείπει,
1519 432 1716 503 πλῆθος

154 513 249 571 οὖν.
291 509 490 591 ἔγουσα
532 513 726 585 φωτὸς,
752 513 774 538 ”
815 512 951 571 ὥστε
988 511 1064 591 μὴ
1108 514 1428 575 διασπᾶσθαι
1458 517 1581 599 περὶ
1622 518 1715 587 τὰς

154 579 456 677 ἀνωμαλίας
484 582 574 656 καί
600 598 959 679 τραχύτητας;
1045 603 1131 680 (11)
1167 601 1292 663 Ἀπὸ
1322 606 1416 681 μὲν
1444 603 1546 689 γὰρ
1587 606 1716 666 ὕδα-

147 713 231 755 τος
270 687 360 746 καὶ
392 691 497 746 τῶν
540 685 713 745 ἄλλων
750 688 1016 769 ἐσόπτρων
1061 689 1343 769 ἰσχύουσαν
1370 691 1447 751 ἔτι
1484 699 1577 766 τῆς
1612 699 1712 777 ἆρ-

101 795 125 831 s
146 783 249 856 γῆς
300 774 452 854 ἐγγὺς
505 764 663 835 οὖσαν
718 775 806 835 ἐπὶ
854 775 943 835 τὸν
998 778 1265 859 ὀφθαλμὸν
1292 778 1565 841 ’ἅλλεσθαι
1616 783 1713 855 τὴν

150 847 462 935 ἀνάκλασιν,
508 864 603 922 οὔκ
644 861 896 923 ἀδύνατόν
948 868 1111 927 ἔστιν·
1158 865 1264 924 ἀπὸ
1313 866 1368 926 δὲ
1418 874 1510 941 τῆς
1554 871 1711 942 σελή-

148 977 263 1023 νης,
313 950 415 1009 κᾶν
463 939 728 1029 γίνωνταί,
754 974 889 1019 τινες
930 951 1219 1023 ὀλισθήσεις
1256 956 1445 1033 αὐτῆς,
1488 961 1712 1028 ἀσθενεῖς

149 1039 357 1099 ἔσονται
380 1038 470 1097 καὶ
494 1038 750 1121 ἀμυδραὶ,
773 1040 864 1098 καὶ
890 1040 1371 1121 προαπολείπουσαι
1400 1043 1484 1103 διὰ
1512 1045 1572 1104 τὸ
1601 1052 1712 1124 μῆ-

148 1150 235 1194 κος
268 1132 366 1199 τῆς
397 1127 751 1194 ἀποστάσεως.
859 1130 951 1208 (12)
998 1127 1107 1188 Καὶ
1153 1128 1254 1209 γὰρ
1306 1130 1477 1199 ἄλλως
1516 1132 1584 1192 τὰ
1615 1135 1710 1212 μὲν

84 1239 126 1278 ιο
152 1216 305 1276 κοῖλα
338 1220 442 1274 τῶν
467 1214 735 1297 ἐσόπτρων
765 1215 1109 1296 εὐτονωτέραν
1150 1226 1289 1277 ποιεῖ
1321 1224 1415 1291 τῆς
1450 1244 1709 1301 προηγου-

150 1305 307 1383 μένης
342 1308 504 1384 αὗγῆς
531 1302 626 1376 τὴν
649 1303 1051 1383 ἀνακλωμένην,
1087 1303 1222 1365 ὥστε
1250 1306 1342 1366 καὶ
1368 1308 1564 1390 φλόγας
1584 1314 1710 1370 ἀνα-

147 1392 378 1470 πέμπειν
397 1391 679 1460 πολλάκις·
704 1391 770 1450 τὰ
794 1390 849 1451 δὲ
875 1390 1040 1473 κυρτὰ
1071 1392 1251 1453 καὶτὰ
1282 1398 1612 1477 σφαιροειδῆ,
1635 1403 1712 1480 τῷ

150 1482 219 1560 μὴ
242 1480 577 1560 πανταχόθεν
598 1481 924 1562 ἀντερείδειν,
950 1484 1138 1553 ἀσθενῆ
1158 1482 1248 1542 καὶ
1265 1486 1524 1566 ἀμαυράν.
1549 1487 1607 1517 *⁴²
1622 1488 1708 1567 (ιθ)

147 1570 377 1649 Ὁρᾶται
427 1568 698 1642 δήπουθεν,
747 1569 869 1627 ὅταν
904 1567 1060 1649 ἴριδες
1111 1568 1200 1629 δύο
1250 1575 1481 1653 φανῶσι,
1532 1572 1713 1655 νέφους

84 1686 122 1722 ιε,
147 1657 290 1724 νέφος
320 1657 744 1737 ἐμπεριέχοντος,
770 1653 1011 1735 ἀμαυρὰν
1042 1663 1293 1716 ποιοῦσαν
1318 1658 1409 1718 καὶ
1438 1663 1616 1742 ἀσαφῆ
1644 1660 1711 1720 τὰ

145 1718 411 1825 γρῖῖιματα
434 1744 531 1815 τὴν
552 1742 923 1825 περιέχουσαν·
952 1744 1013 1802 τὸ
1039 1742 1142 1825 γὰρ
1182 1743 1330 1813 ἐκτὸς
1358 1745 1530 1829 νέφος,
1558 1752 1706 1809 ἀπω-

147 1815 274 1890 {imo
297 1837 398 1904 τῆς
425 1832 592 1913 ὅψεως
619 1830 872 1908 κείμενον,
895 1831 990 1889 οὒκ
1013 1828 1215 1891 εὔτονον
1238 1834 1345 1891 οὐδ’
1369 1834 1591 1917 ἰσχυρὰν
1614 1836 1710 1909 τὴν

147 1894 437 1979 ἀνάκλασιν
463 1918 769 1979 ἀποδίδωσι.
855 1922 942 1995 (ιι)
965 1918 1071 1978 Καὶ
1098 1917 1152 1977 τί
1178 1920 1258 1979 δεῖ
1275 1920 1489 1981 πλείονα
1512 1922 1708 2004 λέγειν,

146 2007 270 2067 ὅπου
294 2006 402 2088 γὰρ
429 2006 491 2065 τὸ
540 2011 628 2065 τοῦ
664 2005 815 2078 ἡλίου
858 2010 993 2088 φῶς,
1043 2006 1413 2085 ἀνακλώμενον
1463 2012 1569 2070 ἀπὸ
1615 2017 1710 2086 τῆς

77 2122 122 2157 ἰιι
147 2097 395 2168 σελήνης,
424 2094 520 2166 τὴν
550 2092 643 2173 μὲν
672 2092 963 2175 θερμότητα
983 2104 1160 2153 πᾶσαν
1186 2097 1504 2171 ἀποὸάλλει,
1532 2104 1628 2172 τῆς
1648 2100 1703 2161 δὲ

143 2183 518 2265 λαμπρότητος
541 2186 700 2241 αὐτοῦ
722 2182 912 2242 λεπτὸν
937 2185 1228 2265 ἀφικνεῖται
1254 2184 1402 2261 μόλις
1423 2188 1550 2269 πρὸς
1571 2194 1710 2267 ἡμᾶς

144 2274 229 2332 καὶ
257 2270 483 2355 ἀδρανὲς
503 2271 747 2354 λείψανον
765 2295 778 2309 ·
806 2264 945 2344 ἦπου
970 2277 1062 2344 τῆς
1086 2271 1253 2354 ὅψεως
1285 2273 1373 2333 τὸν
1402 2274 1513 2335 ἴσον
1543 2301 1703 2360 φερο-

147 2361 297 2433 μένης
328 2359 563 2432 δίαυλον,
594 2360 858 2440 ἐνδέχεται
904 2360 1086 2440 μόριον
1108 2366 1278 2420 ὁτιοῦν
1313 2362 1555 2446 λείψανον
1602 2365 1709 2436 ἐξι-

144 2422 320 2509 κέσθαι
353 2449 485 2530 πρὸς
511 2449 600 2508 τὸν
628 2449 774 2520 ἥλιον
802 2448 904 2509 ὑπὸ
942 2453 1035 2520 τῆς
1064 2448 1310 2522 σελήνης;
1346 2450 1449 2531 ἐγὼ
1487 2452 1582 2530 μὲν
1617 2458 1708 2514 οὔκ

76 2566 118 2603 ²⁵
147 2529 308 2613 οἶμαι.
398 2540 493 2617 (ts)
524 2530 780 2597 Σκσπεῖτε
808 2535 889 2610 δὲ,
912 2527 1074 2610 εἷπον,
1099 2536 1189 2595 καὶ
1213 2541 1358 2615 ὑμεῖς
1373 2562 1386 2576 ·
1411 2541 1458 2599 εἰ
1480 2539 1546 2599 τὰ
1573 2541 1706 2601 αὐτὰ

143 2627 262 2706 πρὸς
308 2625 374 2685 τὸ
409 2624 550 2706 ὕδωρ
589 2627 681 2685 καὶ
725 2624 821 2696 τὴν
850 2624 1076 2696 σελήνην
1105 2623 1336 2705 ἔπασχεν
1360 2631 1394 2699 ἡ
1430 2627 1572 2709 ὄψις,
1603 2630 1706 2689 ἔδει

144 2715 226 2773 καὶ
248 2720 347 2792 γ’ἧς
369 2712 463 2773 καὶ
485 2717 659 2796 φυτῶν
683 2712 774 2771 καὶ
799 2709 1082 2793 ἀνθρώπων
1105 2711 1195 2770 καὶ
1223 2713 1428 2795 ἄστρων
1458 2716 1707 2797 ἐμφάσεις

145 2812 302 2861 ποιεῖν
357 2802 461 2874 τὴν
509 2800 851 2872 πανσέληνον,
897 2797 1008 2867 οἵας
1066 2797 1132 2857 τὰ
1158 2798 1319 2859 λοιπὰ
1345 2812 1571 2863 ποιεῖται
1599 2810 1705 2865 τῶν

144 2890 406 2949 ἐσόπτοων
423 2912 438 2926 ·
490 2892 537 2948 εῖ
581 2888 626 2947 δ’
671 2890 730 2948 οὗ
780 2886 1010 2964 γίνονται
1048 2886 1179 2967 πρὸς
1208 2893 1375 2946 ταῦτα
1403 2895 1495 2962 τῆς
1541 2894 1704 2972 ὅψεως

80 3004 124 3039 ‘ev
144 2954 478 3047 ἀνακλάσεις,
511 2976 576 3034 δι’
611 2975 875 3034 ἀσθένειαν
906 2976 1067 3045 αὐτῆς
1093 2972 1127 3043 ἢ
1165 2976 1473 3054 τραχύτητα
1498 2985 1590 3052 τῆς
1619 3005 1704 3040 σε-

141 3065 291 3136 λήνης
308 3112 322 3137 ,
361 3062 496 3142 μηδὲ
523 3063 653 3145 πρὸς
679 3061 768 3122 τὸν
795 3062 942 3133 ἥλιον
968 3065 1293 3138 ἀπαιτῶμεν.

214 3156 421 3214 XXIV.
466 3150 660 3230 Ἡμεῖς
691 3149 786 3227 μὲν
815 3140 923 3221 οῧν,
961 3147 1111 3229 ἔφην,
1142 3148 1239 3207 ὅσα
1274 3148 1348 3228 μὴ
1385 3153 1699 3236 διαπέφευγε

140 3240 229 3310 τὴν
254 3239 473 3317 μνήμην
499 3243 605 3297 τῶν
644 3240 751 3297 ἐκεῖ
782 3235 1088 3317 λεχθέντων,
1125 3237 1564 3317 ἀπηγγέλκαμεν·
1586 3240 1698 3319 ὥρα

142 3325 307 3384 δὲκαὶ
356 3325 570 3386 Σύλλαν
618 3326 966 3404 παρακαλεῖν,
1017 3325 1218 3401 μᾶλλον
1249 3325 1293 3383 δ’
1324 3327 1564 3385 ἀπαιτεῖν
1600 3329 1697 3402 τὴν

75 3430 116 3468 ³⁵
146 3413 400 3492 διήγησιν,
426 3404 531 3470 οἷον
556 3410 643 3471 ἐπὶ
671 3415 845 3492 ῥητοῖς
864 3409 1126 3491 ἀκροατὴν
1145 3411 1487 3489 γεγενημένον
1502 3436 1515 3451 ·
1533 3414 1695 3490 ὥστε,

141 3504 180 3559 εἷ
204 3502 375 3572 δοκεῖ,
399 3497 837 3566 καταπαύσαντες
859 3499 947 3558 τὸν
978 3498 1282 3578 περίπατον,
1313 3499 1404 3559 καὶ
1443 3500 1696 3563 καθίσαν-

138 3613 213 3656 τες
234 3589 323 3647 ἐπὶ
350 3592 454 3647 τῶν
483 3586 707 3668 βάθρων,
732 3587 933 3668 ἑδραῖον
958 3588 1101 3665 αὐτῷ
1125 3586 1487 3666 παράσχωμεν
1510 3592 1696 3671 ἀκροα-

138 3676 323 3756 τήριον.
412 3678 473 3753 (α)
500 3672 691 3743 Ἔδοξε
720 3674 784 3745 δὴ
812 3680 1007 3733 ταῦτα·
1037 3675 1126 3732 καὶ
1164 3675 1487 3732 καθισάντων
1521 3681 1692 3756 ἡμῶν,

139 3761 357 3836 ὃθέων,
403 3761 551 3840 Ἐγώ
592 3785 699 3834 τοι,
726 3751 771 3820 ὦ
809 3761 1097 3842 Λαμπρία,
1126 3752 1289 3838 εἶπεν,
1319 3764 1555 3841 ἐπιθυμῶ
1599 3765 1692 3843 μὲν

75 3876 119 3915 to
140 3850 331 3916 οὐδενὸς
366 3842 523 3922 ἧττον
548 3853 693 3926 ὑμῶν
723 3851 944 3907 ἀκοῦσαι
973 3847 1039 3907 τὰ
1072 3847 1462 3928 λεχθησόμενα,
1498 3855 1692 3932 πρότε-

139 3960 216 4013 ρον
252 3939 298 3996 δ’
327 3938 393 3997 ἂν
416 3936 582 4009 ἡδέως
606 3935 893 4014 ἀκούσαιμι
929 3936 1049 4015 περὶ
1076 3940 1179 3993 τῶν
1205 3938 1363 3995 οἰκεῖν
1398 3936 1693 4016 λεγομένων

137 4025 217 4083 ἐπὶ
242 4026 336 4099 τῆς
382 4025 631 4098 σελήνης,
662 4027 755 4082 οὐκ
785 4026 829 4081 εἴ
856 4022 1159 4084 κατοικοῦσί
1180 4047 1338 4095 τινες,
1369 4024 1486 4084 ἀλλ’
1531 4029 1574 4085 εἰ
1604 4030 1691 4087 δυ-

136 4114 282 4171 νατὸν
311 4118 420 4173 ἐκεῖ
441 4120 730 4172 κατοικεῖν·
760 4113 805 4170 εἰ
826 4110 928 4193 γὰρ
955 4113 1012 4171 οὗ
1038 4112 1272 4184 δυνατὸν,
1304 4113 1490 4191 ἄλογον
1517 4113 1607 4171 καὶ
1630 4113 1691 4173 τὸ

137 4206 227 4278 γῆν
245 4194 382 4261 εῖναι
398 4200 492 4274 τὴν
519 4201 771 4272 σελήνην·
856 4201 923 4279 (3)
939 4199 1072 4268 δόξει
1094 4198 1195 4281 γὰρ
1218 4199 1348 4282 πρὸς
1361 4200 1528 4276 οὐθὲν,
1553 4201 1690 4261 ἀλλὰ

72 4306 113 4345 ιε
140 4289 301 4365 μάτην
334 4287 633 4370 γεγονέναι,
677 4287 810 4366 μήτε
839 4286 1068 4369 καρποὺς
1098 4286 1412 4370 ἐκφέρουσα,
1440 4287 1563 4363 μήτ’
1600 4292 1688 4346 ἀν-

137 4377 350 4455 ῡρώποις
370 4379 503 4437 τισὶν
524 4376 679 4458 ἕδραν
693 4375 1000 4457 παρέχουσα
1024 4376 1114 4435 καὶ
1132 4376 1330 4454 γένεσιν
1353 4376 1442 4435 καὶ
1466 4375 1687 4435 δίαιταν·

136 4455 200 4521 ὧν
226 4466 377 4525 ἕνεκα
398 4464 484 4524 καὶ
507 4464 706 4534 ταύτην
727 4462 991 4543 γεγονέναι
1014 4463 1204 4546 φαμὲν,
1229 4464 1367 4522 κατὰ
1390 4462 1685 4540 Πλάτωνα,

136 4553 313 4632 τροφὸν
335 4553 615 4633 ἡμετέραν,
636 4550 839 4632 ἡμέρας
861 4575 919 4610 τε
942 4553 1033 4611 καὶ
1060 4551 1237 4619 νυκτὸς
1260 4554 1456 4629 ἀτρεκῆ
1476 4550 1685 4632 φύλακα

137 4640 219 4696 καὶ
262 4641 593 4721 δημιουργόν.
693 4642 751 4718 (ι)
799 4640 964 4722 Ὁρᾷς
1015 4640 1068 4700 δὲ
1121 4638 1200 4699 ὅτι
1251 4636 1424 4698 πολλὰ
1474 4637 1685 4718 λέγεται

75 4751 114 4789 ιο
137 4727 218 4784 καὶ
251 4726 346 4786 σὺν
379 4730 569 4806 γέλωτι
607 4727 698 4786 καὶ
739 4726 873 4804 μετὰ
912 4730 1138 4801 σπουδῆς
1182 4726 1302 4808 περὶ
1329 4724 1550 4784 τούτων·
1578 4730 1684 4793 τοῖς

137 4813 223 4887 μὲν
250 4814 353 4896 γὰρ
383 4814 481 4874 ὑπὸ
507 4815 603 4886 τὴν
632 4815 853 4885 σελήνη.ν
879 4818 1126 4888 οἰκοῦσιν,
1155 4814 1332 4896 ὥσπερ
1365 4814 1682 4887 Ταντάλοις,

136 4901 253 4982 ὑπὲρ
277 4904 509 4983 κεφαλῆς
541 4900 892 4983 ἐκκρέμασθαί
917 4927 1072 4983 φασι,
1098 4902 1215 4968 τοὺς
1251 4902 1295 4959 δ’
1322 4903 1588 4965 οἰκοῦντας
1615 4894 1683 4960 αὗ

133 4990 277 5049 πάλιν
318 4990 407 5049 ἐπ’
446 4989 828 5070 αὐτῆς,ὥσπερ
867 4989 1103 5061 Ἰξίονας,
1141 4989 1495 5066 ἐνδεδεμένους
1536 4987 1676 5071 ῥύμῃ

133 5103 145 5107 -
161 5098 169 5111 ··
189 5075 382 5157 uzani-:34
406 5077 678 5159 δινεῖσθαι]
694 5098 706 5111 “
795 5078 858 5156 (ιι)
880 5076 1050 5136 καίτοι
1075 5076 1200 5155 μίαν
1224 5079 1281 5135 οὗ
1307 5081 1524 5135 κινεῖται
1540 5075 1680 5140 κίνη·

1245 287 1341 347 ΠΕ
1385 291 1609 347 ΡΑΕΙΕ
1657 291 1730 351 m
1781 295 1978 351 URBE
2026 299 2270 360 Luat-E.

3209 311 3227 357 1
3252 311 3270 358 l
3286 311 3362 363 ..T

1795 434 2157 489 continuitatem
2190 448 2373 505 servat,
2398 444 2483 494 sed
2506 445 2734 510 frangitur
2751 464 2807 501 ac
2839 451 3025 518 deficit,
3047 472 3196 521 quum
3227 466 3360 517 tanta

1795 531 1839 581 ei
1866 547 1960 582 non
1980 534 2043 585 sit
2065 538 2200 603 copia
2227 539 2449 603 luminis,
2475 549 2528 593 ιιι
2551 558 2646 596 non
2663 548 2933 616 divellatur,
2956 556 3358 619 inaequalitatibus

1794 634 1844 679 et
1857 632 2193 695 asperitatibus
2210 649 2466 688 occurrens
2478 643 2502 689 ἓ
2565 643 2664 707 (11)
2686 647 2792 695 Nou
2814 651 2891 699 est
2910 651 3036 701 enirn
3051 653 3312 707 abhorrens
3330 673 3359 708 a

1795 739 1954 777 rerum
1975 734 2174 793 natura,
2201 736 2257 783 ut
2287 734 2349 783 ab
2376 749 2501 799 aqua
2532 741 2583 789 et
2612 740 2719 791 aliis
2736 746 2946 807 speculis
2977 750 3196 814 reflexio,
3220 755 3358 816 cuius

1792 822 1843 871 in
1864 825 2129 889 propinquo
2161 828 2320 880 adbuc
2346 835 2537 883 tenetur
2563 835 2878 901 principium,
2904 842 3061 893 valida
3099 849 3276 898 resiliat
3298 851 3357 900 ad

1792 920 2022 971 oculum:
2051 923 2135 972 sed
2163 938 2191 974 a
2215 926 2326 976 luna
2362 929 2508 978 etiam
2534 929 2576 980 si
2606 931 2784 995 aliquoe
2820 934 3119 1002 delabantur,
3153 943 3356 995 infirmae

1791 1020 1934 1065 erunt
1949 1030 2007 1067 ac
2031 1018 2266 1082 languidae
2278 1057 2293 1083 ,
2315 1027 2366 1072 et
2377 1038 2488 1087 quae
2502 1025 2565 1075 ob
2578 1027 2813 1079 intervalli
2832 1034 3207 1096 magnitudinem
3221 1043 3353 1104 prius

1792 1112 2012 1163 deficiant
2024 1130 2167 1179 quam
2187 1116 2248 1168 ad
2266 1132 2356 1171 nos
2368 1123 2660 1185 perveniant.
2728 1127 2824 1191 (12)
2842 1129 3061 1194 Alioquin
3076 1136 3217 1185 etiam
3237 1151 3358 1190 cava

1793 1212 2096 1273 speculorum
2125 1216 2330 1267 validius
2349 1218 2600 1272 reflectunt
2618 1223 2733 1273 solis
2751 1225 2937 1289 radios,
2956 1229 3022 1278 ita
3053 1230 3247 1294 quidem
3261 1272 3277 1297 ,
3303 1239 3358 1286 ut

1793 1306 2010 1359 flammas
2024 1325 2216 1377 quoque
2233 1327 2564 1379 saepenumero
2583 1320 2726 1371 edant
2744 1337 2920 1374 :curva
2938 1332 2986 1376 et
3004 1328 3199 1390 globosa
3211 1369 3228 1395 ,
3243 1332 3355 1396 quia

1792 1407 1890 1445 non
1920 1397 2130 1461 undique
2167 1403 2457 1465 renituntur,
2495 1405 2781 1459 imbecillem
2814 1417 2862 1461 et
2897 1412 3164 1467 obscuram.
3253 1422 3352 1483 (13)

1793 1491 1980 1543 Videtis
2008 1493 2214 1557 scilicet,
2234 1498 2428 1561 quando
2449 1499 2560 1552 duae
2583 1503 2727 1556 irides
2750 1515 3004 1571 apparent,
3028 1513 3207 1564 nubem
3228 1516 3356 1566 nube

1792 1585 2089 1650 continente,
2122 1592 2444 1644 continentem
2481 1597 2660 1649 nubem
2685 1600 2884 1654 reddere
2914 1604 3082 1656 iridem
3102 1607 3355 1660 obscuram

1792 1682 1841 1731 et
1864 1680 2058 1734 incertis
2075 1687 2347 1740 coloribus:
2366 1705 2479 1742 nam
2501 1695 2707 1745 exterior
2728 1698 2881 1749 nubes
2898 1700 3087 1764 longius
3107 1717 3138 1753 a
3157 1706 3267 1755 visu
3289 1706 3354 1757 di·

1792 1781 1928 1831 stans
1950 1782 2258 1837 reflexionem
2293 1788 2450 1839 reddit
2482 1790 2760 1843 invalidam.
2827 1796 2925 1858 (14)
2961 1801 3022 1848 Ει
3044 1792 3159 1862 quid
3187 1803 3357 1856 attinet

1792 1878 1931 1940 plura
1967 1879 2154 1932 dicere?
2185 1885 2376 1946 quando
2412 1887 2536 1936 enim
2554 1888 2670 1938 solis
2700 1889 2862 1941 lumen
2899 1907 2928 1943 a
2950 1894 3066 1946 luna
3094 1898 3355 1966 reflexum,

1791 1989 1988 2027 omnem
2018 1979 2196 2029 amittit
2224 1981 2461 2044 calorem,
2494 1989 2542 2034 et
2575 1985 2841 2047 splendoris
2872 1990 2975 2051 ejus
3005 2006 3133 2055 oegre
3167 1995 3227 2045 ad
3270 2011 3356 2047 nos

1793 2074 2096 2137 perferuntur
2109 2081 2277 2127 tenues
2293 2081 2437 2141 atque
2456 2078 2693 2143 languidae
2712 2084 2952 2148 reliquiae3
2970 2090 3207 2152 poteritne
3224 2093 3357 2143 visus

1789 2175 1951 2223 noster
1963 2172 2132 2224 eodem
2146 2176 2245 2223 tam
2262 2174 2401 2236 longo
2416 2182 2656 2239 permeato
2670 2180 2825 2243 spatio
2843 2182 3010 2233 solaris
3028 2187 3356 2249 qualemcum-

1789 2282 1886 2332 que
1905 2268 2254 2333 portIunculani
2278 2271 2495 2335 imaginis
2517 2273 2578 2324 de
2596 2275 2710 2325 luna
2738 2282 3011 2342 reportare?
3033 2284 3135 2345 Ego
3157 2284 3352 2347 quidem
3452 2296 3457 2300 ’

1790 2379 1885 2415 non
1905 2372 2038 2427 puto.
2102 2368 2202 2431 (15)
2237 2368 2548 2420 considerate
2565 2383 2721 2434 ⁴vero,
2750 2374 2935 2425 aiebam
2950 2413 2966 2438 ,
2987 2379 3133 2428 etiam
3155 2393 3271 2442 vos,
3293 2395 3352 2431 an

1789 2476 1883 2512 non
1911 2462 1978 2513 ita
2009 2476 2062 2514 se
2092 2476 2171 2514 res
2204 2464 2404 2527 babeat,
2440 2472 2520 2529 ut,
2543 2468 2584 2518 si
2615 2468 2745 2520 idem
2767 2472 2952 2523 accidat
2981 2473 3110 2524 visui
3137 2480 3303 2528 nostro
3325 2493 3353 2529 a

1788 2559 1902 2610 luna
1928 2564 1977 2611 et
1998 2560 2059 2611 ab
2096 2575 2244 2626 aqua,
2280 2562 2453 2614 debeat
2470 2568 2643 2627 terrae,
2679 2567 2977 2631 plantarum,
3016 2575 3065 2621 et
3101 2570 3351 2624 bominum

1787 2655 2095 2721 siderumque
2112 2656 2343 2721 imagines
2356 2659 2468 2710 luna
2491 2661 2630 2724 plena
2647 2669 3016 2728 repraesentare,
3032 2668 3157 2718 sicut
3175 2670 3353 2721 faciunt

1786 2754 1881 2803 alia
1903 2754 2095 2816 specula
2120 2753 2228 2804 :sin
2257 2756 2390 2805 visus
2408 2756 2534 2806 acies
2552 2757 2614 2806 ad
2644 2758 2749 2809 liaec
2777 2773 2874 2810 non
2893 2762 3151 2814 reflectitur
3183 2766 3246 2815 ob
3270 2782 3353 2815 un-

1788 2851 2092 2901 becillitatem
2114 2866 2281 2915 suam,
2318 2856 2404 2903 aut
2437 2854 2748 2917 asperitatem
2773 2855 2927 2919 lunae,
2950 2873 3012 2908 ne
3034 2861 3096 2910 ad
3123 2863 3272 2912 solem
3298 2867 3351 2913 ut

1786 2949 2056 2999 reflectatur
2075 2950 2388 3013 requiramus.

1844 3160 2016 3207 xxiv.
2051 3164 2122 3208 Ac
2155 3171 2244 3207 nos
2282 3157 2503 3221 quidem,
2541 3156 2784 3223 dicebam,
2815 3173 2925 3222 quae
2949 3161 3016 3211 ibi
3048 3162 3177 3214 dicta
3206 3172 3345 3229 sunt,

1782 3245 1933 3294 nisisi
1956 3244 2071 3307 quid
2097 3245 2374 3294 memoriam
2394 3245 2587 3306 fefellit,
2609 3246 2878 3296 retulimus.
2944 3251 3157 3314 Tempus
3178 3258 3253 3302 est
3269 3268 3347 3303 au-

1780 3336 1878 3383 tem
1897 3335 1953 3383 ut
1974 3333 2153 3395 synam
2190 3346 2383 3397 quoque
2406 3332 2732 3394 exhortemur,
2759 3333 2976 3398 adeoque
2997 3351 3256 3401 poscamus
3282 3343 3345 3392 ab

1778 3435 1837 3472 eo
1855 3422 2171 3471 narrationem
2183 3458 2197 3483 ‚
2218 3428 2270 3471 ut
2287 3421 2370 3485 qui
2389 3426 2519 3470 certa
2537 3421 2809 3473 conditione
2843 3423 3035 3474 auditor
3055 3425 3342 3478 interfuerit.

1779 3509 2012 3571 Proinde,
2037 3510 2166 3559 siita
2204 3510 2340 3559 vobis
2375 3509 2586 3570 videtur,
2611 3509 2889 3560 ambulandi
2908 3511 3051 3561 tinem
3085 3513 3341 3576 faciamus,

1777 3600 1827 3647 et
1839 3593 2141 3646 considentes
2153 3594 2201 3643 in
2217 3594 2463 3656 sedilibus,
2481 3594 2628 3644 lixum
2643 3596 2686 3645 ei
2711 3597 3013 3660 praebeamus
3033 3599 3342 3653 auditorium.

1777 3684 1845 3747 (2)
1863 3683 2046 3734 Placuit
2064 3683 2158 3732 hoc
2182 3686 2263 3732 :et
2284 3695 2437 3745 quum
2459 3683 2870 3748 consedissemus,
2894 3686 3215 3751 Theon,1pse
3237 3690 3342 3752 qui·

1774 3772 1886 3823 dem
1900 3809 1914 3834 ,
1933 3770 2089 3834 inquit
2100 3806 2116 3832 ,
2135 3783 2230 3824 nou
2246 3770 2430 3819 minore
2447 3783 2592 3834 quam
2613 3770 2740 3820 ullus
2753 3765 2968 3823 vestrum
2987 3772 3214 3824 audiendi
3228 3790 3341 3840 quae

1782 3861 2002 3911 dicentur
2023 3857 2262 3911 desiderio
2280 3864 2446 3908 teneor
2464 3874 2477 3906 z
2496 3863 2607 3908 ante
2628 3863 2816 3919 tamen,
2837 3862 3084 3924 Lampria,
3103 3862 3164 3912 de
3176 3864 3236 3913 iis
3254 3865 3340 3927 qui

1773 3951 1938 4000 lunam
1957 3949 2183 3999 dicuntur
2210 3947 2503 4008 inhabitare,
2527 3947 2786 4011 pervellem
2810 3948 2989 4012 aliquid
3024 3951 3219 4015 audire;
3242 3967 3338 4004 non

1775 4040 1937 4088 utrum
1961 4037 2179 4088 habitent
2199 4035 2372 4099 aliqui,
2391 4035 2478 4085 sed
2507 4048 2568 4085 au
2594 4034 2798 4086 habitari
2823 4036 2977 4100 possit
3002 4038 3127 4089 :boc
3147 4039 3275 4089 enim
3295 4042 3336 4091 si

1772 4125 1968 4189 nequit,
1983 4138 2012 4174 a
2034 4124 2217 4173 ratione
2239 4122 2446 4172 alienum
2469 4121 2562 4172 erit
2585 4135 2691 4172 eam
2714 4135 2821 4172 esse
2844 4123 3019 4173 tei-ram
3045 4138 3060 4173 ε
3126 4124 3195 4187 (3)
3221 4140 3335 4176 nam

1771 4212 2014 4262 videbitur
2026 4211 2087 4260 ad
2106 4209 2292 4259 nullum
2314 4221 2456 4257 usum
2474 4212 2524 4258 et
2537 4208 2714 4258 frustra
2731 4208 2998 4269 exstitisse,
3015 4223 3165 4272 quum
3180 4224 3335 4275 neque

1771 4301 1956 4350 fructus
1973 4299 2109 4360 edat,
2129 4310 2285 4360 neque
2304 4296 2577 4346 hominibus
2595 4293 2882 4358 quibusdam
2897 4296 3091 4359 sedem,
3110 4302 3270 4347 ortum
3287 4305 3335 4349 et

1770 4387 1886 4435 vitae
1906 4383 2134 4447 degendoe
2166 4383 2327 4432 locum
2364 4380 2830 4444 proebeatzquamm
2862 4394 3023 4430 rerum
3047 4394 3193 4431 causa
3213 4383 3334 4433 lianc

1768 4477 1982 4522 nostram
2005 4473 2180 4521 terram
2202 4470 2468 4528 exstitisse,
2487 4466 2550 4517 de
2573 4466 2785 4517 Platonis
2808 4468 3043 4516 sententia
3055 4503 3071 4529 ,
3095 4467 3329 4532 dicimus,

1769 4560 2026 4609 nutricem
2052 4558 2309 4616 nostram,
2333 4554 2539 4617 dieique
2569 4555 2621 4602 et
2647 4555 2812 4603 noctis
2824 4552 3039 4614 fidelem
3069 4554 3330 4606 custodem

1769 4649 1930 4709 acque
1943 4642 2187 4707 opificem.
2253 4640 2322 4704 (4)
2345 4639 2493 4689 Vides
2512 4644 2674 4688 autem
2691 4638 2752 4688 de
2774 4638 2867 4687 lioc
2884 4643 3163 4700 argumento
3177 4640 3328 4690 inulta
3354 4700 3365 4714 ι

1766 4739 1815 4784 et
1832 4732 1958 4783 serio
1978 4728 2211 4794 disputari
2233 4732 2284 4780 et
2300 4728 2432 4792 ioco.
2498 4730 2683 4777 Lunam
2716 4726 2845 4776 enirn
2880 4726 3018 4775 aiunt
3042 4740 3210 4777 eorum
3243 4729 3327 4790 qui

1764 4820 1889 4871 infra
1933 4818 2115 4881 degunt
2148 4822 2378 4881 tanquam
2414 4813 2723 4865 Tantalorum
2765 4810 3015 4862 imminere
3052 4814 3322 4874 capitibus:

1762 4916 2051 4968 rursumque
2068 4916 2152 4952 eos
2170 4901 2251 4966 qui
2267 4902 2420 4964 ipsam
2452 4898 2693 4958 incolunt,
2710 4897 2930 4947 Ixionum
2952 4896 3102 4945 instar
3120 4897 3325 4960 illigatos

1762 4997 1898 5045 tanto
1919 4991 2101 5055 impetu
2138 4989 2268 5039 volvi
2305 5001 2360 5036 ac
2387 4985 2584 5035 revolvi.
2649 4983 2716 5046 (5)
2758 4986 2821 5033 Et
2842 4983 3036 5047 quidem
3069 4997 3162 5033 non
3184 4984 3323 5033 unico

1766 5086 1899 5132 motu
1914 5081 2028 5130 luna
2052 5084 2285 5138 versatur,
2318 5074 2403 5125 sed
2426 5079 2529 5136 est,
2552 5074 2606 5122 ut
2634 5073 2787 5121 solent
2810 5071 3072 5135 appellare,
3105 5071 3281 5120 Trivia
3301 5082 3321 5116 .·
